1970 3202
279 226 334 266 24
765 239 1009 267 ‘l'flEOPHlLI
1044 241 1179 268 mmm.
1210 242 1239 269 1.

746 454 1053 556 CAPUT
1127 496 1263 558 xx

535 646 595 673 DE
627 644 938 673 RUBRIOANDIS
969 645 1110 673 OSTns
1142 646 1197 673 ET
1228 646 1343 673 OLEO
1376 646 1483 674 LINI.

368 746 386 786 I
410 750 549 786 autem
570 745 746 787 volueris
768 744 875 785 ostia
904 744 1110 786 rubricare
1129 745 1227 786 tolle
1249 746 1387 787 oleum
1407 745 1493 797 lini,
1514 746 1628 802 quod
1649 746 1730 787 hoc

394 813 520 854 modo
542 826 782 867 compones.
841 811 999 867 Accipe
1019 826 1163 853 semen
1195 812 1281 864 lini,
1304 819 1346 854 et
1375 813 1542 855 exsicca
1562 814 1662 854 illud
1684 814 1727 854 in

284 880 494 936 sartagine
510 894 633 935 super
645 879 785 934 ignem
799 878 887 919 sine
900 893 1023 934 aqua.
1086 879 1251 921 Deinde
1272 880 1389 921 mitte
1410 881 1452 921 in
1472 881 1729 933 mortarium,

284 955 326 991 et
355 948 565 991 contunde
585 947 687 988 illud
716 946 802 1002 pila
821 946 956 988 donec
986 946 1254 988 tenuissimus
1274 948 1409 1002 pulvis
1439 948 1526 999 fiat,
1549 962 1731 989 rursum-

284 1032 364 1074 que
385 1017 554 1058 mittens
574 1015 675 1055 illud
695 1014 739 1055 in
759 1013 1026 1069 sartaginem,
1047 1019 1090 1055 et
1110 1013 1333 1055 infundens
1364 1015 1576 1055 modicum
1596 1029 1731 1070 aquae,

284 1085 343 1126 sic
364 1082 582 1125 calefacies
598 1082 769 1123 fortiter.
832 1080 990 1122 Postea
1006 1081 1171 1122 involve
1185 1081 1287 1121 illud
1300 1081 1344 1121 in
1358 1096 1545 1137 pannum
1561 1097 1730 1133 novum,

283 1157 325 1192 et
357 1165 466 1206 pone
496 1150 540 1190 in
570 1148 882 1205 pressatorium,
902 1148 946 1188 in
976 1163 1060 1204 quo
1082 1149 1190 1190 solet
1219 1149 1351 1201 olivae,
1378 1150 1444 1190 vel
1474 1164 1644 1202 nucum,
1665 1151 1731 1192 vel

281 1218 500 1275 papaveris
521 1218 661 1259 oleum
694 1216 883 1271 exprimi,
905 1221 952 1256 ut
972 1216 1121 1257 eodem
1152 1216 1280 1257 modo
1308 1216 1432 1257 etiam
1463 1217 1573 1258 istud
1595 1218 1732 1273 expri-

282 1292 433 1328 matur.
494 1284 604 1326 Cum
640 1284 721 1324 hoc
755 1284 847 1324 oleo
879 1289 965 1324 tere
998 1283 1172 1324 minium
1209 1284 1295 1325 sive
1327 1284 1569 1326 cenobrium
1610 1300 1733 1340 super

282 1354 464 1410 lapidem
504 1353 593 1394 sine
626 1365 750 1407 aqua,
789 1356 831 1391 et
871 1365 968 1392 cum
998 1351 1175 1406 pincello
1207 1351 1324 1393 linies
1360 1366 1483 1407 super
1515 1353 1636 1404 ostia,
1666 1355 1732 1395 vel

282 1422 461 1472 tabulas,
475 1434 580 1476 quas
596 1418 807 1459 rubricare
826 1418 1020 1471 volueris,
1035 1424 1077 1460 et
1097 1419 1150 1460 ad
1172 1420 1302 1460 solem
1322 1419 1511 1461 siccabis.
1566 1420 1732 1462 Deinde

281 1490 430 1530 iterum
461 1487 592 1538 linies,
613 1491 655 1527 et
686 1500 849 1526 rursum
887 1486 1077 1527 siccabis.
1138 1486 1206 1527 Ad
1241 1487 1432 1528 ultimum
1463 1502 1561 1529 vero
1591 1504 1733 1544 super—

281 1556 401 1597 linies
436 1555 473 1597 ei
509 1555 651 1609 gluten
688 1553 802 1608 quod
836 1553 1041 1594 vernition
1073 1554 1234 1605 dicitur,
1265 1554 1462 1610 quodque
1492 1555 1571 1597 hoc
1605 1558 1733 1598 modo

284 1623 514 1665 conficitur.

718 1872 1028 1939 CAPUT
1106 1873 1291 1935 XXI.

714 2025 775 2052 DE
807 2021 1007 2051 GLUTINE
1037 2019 1300 2047 VERNITION.

283 2109 293 2112 “
386 2107 512 2150 ONE
554 2111 692 2152 oleum
727 2111 798 2152 lini
838 2110 882 2150 in
925 2108 1053 2150 ollam
1093 2121 1246 2148 novam
1282 2106 1510 2161 parvulam,
1546 2110 1587 2145 et
1625 2105 1733 2146 adde

414 2176 595 2232 gummi¹
628 2178 743 2234 quod
765 2182 941 2219 vocatur
972 2174 1117 2226 fomis,
1137 2173 1413 2214 minutissime
1441 2172 1599 2223 tritum,
1620 2172 1733 2228 quod

282 2244 412 2285 habet
431 2245 610 2300 speciem
639 2244 887 2286 lucidissimi
907 2242 1053 2292 thuris,
1074 2241 1149 2282 sed
1169 2254 1265 2281 cum
1296 2238 1499 2295 frangitur
1527 2238 1733 2294 fulgorem

282 2312 500 2353 clariorem
521 2312 670 2354 reddit.
734 2303 863 2361 Quod
886 2325 984 2352 cum
1006 2322 1130 2364 super
1149 2307 1351 2348 carbones
1372 2306 1572 2362 posueris,
1599 2319 1734 2361 coque

284 2379 503 2435 diligenter
523 2379 582 2420 sic
601 2386 648 2420 ut
668 2395 755 2421 non
774 2379 936 2429 bulliat,
967 2377 1102 2418 donec
1131 2375 1251 2416 tertia
1270 2388 1367 2430 pars
1388 2379 1671 2425 consumatur,
1693 2379 1735 2414 et

281 2461 383 2488 cave
405 2462 430 2488 a
450 2447 637 2499 flamma,
655 2447 754 2504 quia
774 2445 1055 2503 periculosum
1076 2442 1199 2483 nimis
1220 2446 1298 2493 est,
1320 2446 1362 2482 et
1389 2440 1555 2482 difficile
1576 2440 1733 2481 exstin-

281 2514 420 2570 guitur
440 2515 474 2556 si
494 2515 759 2556 accendatur.
821 2513 917 2554 Hoc
940 2511 1100 2568 glutine
1114 2508 1250 2550 omnis
1272 2508 1436 2564 pictura
1456 2507 1696 2563 superlinita
1705 2506 1735 2560 ²,

278 2583 326 2623 fit
347 2588 389 2624 et
410 2582 562 2624 decora
582 2597 632 2624 ac
653 2582 825 2624 omnino
847 2579 1044 2622 durabilis
1058 2576 1085 2618 ³.

323 2695 331 2714 ¹
357 2695 396 2727 In
423 2695 456 2727 C.
483 2695 533 2734 R„
559 2697 580 2712 “
596 2694 721 2726 Arabici
732 2694 748 2708 '¹
771 2691 972 2726 additum-⁹
988 2690 1134 2722 “Lucida
1158 2689 1195 2719 fit
1220 2693 1251 2719 et
1278 2687 1413 2726 decora‚’'
1436 2689 1546 2728 leyitur
1571 2689 1606 2718 in
1634 2689 1733 2719 MSS.

278 2752 408 2792 Guelph.
433 2755 458 2782 et
469 2749 667 2781 Parisii—⁸
682 2751 703 2766 “
715 2748 748 2780 Si
761 2759 831 2780 vero
848 2747 978 2779 defuerit
990 2745 1103 2777 corium
1113 2744 1153 2774 ad
1163 2743 1376 2783 cooperiendas
1391 2742 1520 2780 tabulas,
1530 2742 1634 2772 eodem
1645 2742 1733 2772 modo

273 2812 309 2837 et
329 2806 432 2837 eodem
451 2804 568 2844 glutine
591 2804 799 2843 cooperiantur
814 2812 881 2833 cum
897 2811 996 2842 panno
1018 2799 1074 2830 lini
1095 2797 1285 2828 mediocriter
1306 2795 1549 2828 novo.”—Mal&
1564 2798 1661 2828 locata
1684 2802 1734 2834 est,

274 2863 344 2893 vide
360 2862 396 2892 in
404 2862 470 2900 fine
482 2869 551 2898 cap.
569 2858 632 2888 xix.
646 2869 709 2888 non
726 2858 838 2897 [efficior
855 2858 889 2887 in
907 2858 940 2888 C.
956 2857 996 2887 R.
1018 2854 1153 2886 Parisii.
1161 2852 1176 2864 '¹
