1970 3202
213 280 292 320 136
683 292 935 320 THEOPmLI
969 293 1107 320 LIBER
1139 293 1188 320 11.

209 387 497 442 fenestrarum,
534 392 780 433 adhibentes
812 392 981 434 inferius
1015 393 1156 448 ignem
1194 397 1318 448 atque
1350 392 1464 446 ligna
1494 390 1663 446 faginea

210 460 334 510 sicca,
371 459 505 500 donec
546 474 571 500 a
607 459 789 501 flammis
823 459 1094 510 circumdata,
1132 459 1275 515 sicque
1310 458 1506 500 extractis
1539 457 1662 513 lignis

211 528 378 568 furnum
409 527 641 568 obstruunt.
706 527 892 568 Possunt
917 528 1042 568 etiam
1074 527 1220 568 eadem
1241 541 1342 568 vasa
1364 541 1436 582 per
1465 527 1560 567 loca
1589 525 1663 566 de-

211 595 343 636 corari
377 595 464 635 auri
498 596 649 650 petula‚
672 596 757 636 sive
799 595 942 637 molito
975 610 1076 636 auro
1107 596 1170 636 vel
1205 601 1392 651 argento,
1421 595 1547 636 modo
1581 609 1664 650 quo

213 677 350 717 supra,
373 663 405 704 si
428 663 644 704 voluerint.

635 1113 942 1176 CAPUT
1019 1114 1253 1176 XVII.

593 1277 654 1304 DE
685 1277 1007 1306 COMPONENDIS
1040 1278 1294 1305 FENESTRIS.

222 1391 408 1491 CUM
443 1393 621 1433 volueris
656 1393 859 1434 fenestras
900 1408 1151 1449 componere
1181 1394 1347 1445 vitreas,
1389 1395 1567 1449 primum
1604 1395 1670 1435 sac

332 1460 407 1501 tibi
428 1460 612 1501 tabulam
643 1461 825 1516 ligneam
845 1462 1047 1518 aequalem
1076 1468 1204 1503 tantae
1225 1462 1456 1503 latitudinis
1476 1469 1518 1503 et
1537 1463 1671 1517 longi-

218 1528 388 1578 tudinis,
419 1534 465 1568 ut
494 1528 630 1583 possis
660 1528 781 1569 unius
812 1529 1014 1585 cujusque
1044 1530 1235 1570 fenestrae
1265 1530 1369 1571 duas
1393 1536 1532 1584 partes
1556 1530 1599 1570 in
1623 1544 1673 1571 ea

220 1595 396 1651 operari,
427 1601 470 1636 et
499 1596 709 1651 accipiens
740 1602 899 1637 cretam
930 1603 1057 1653 atque
1086 1597 1236 1638 radens
1271 1612 1367 1638 cum
1402 1598 1569 1639 cultello
1602 1612 1674 1652 per

220 1669 353 1704 totam
383 1663 585 1715 tabulam,
616 1678 791 1720 asperge
821 1664 1000 1719 desuper
1029 1678 1183 1720 aquam
1214 1678 1287 1719 per
1316 1665 1471 1716 omnia,
1502 1670 1544 1705 et
1572 1664 1674 1706 frica

221 1746 317 1772 cum
349 1745 489 1786 panno
520 1745 593 1786 per
621 1735 770 1773 totum.
831 1730 1024 1787 Cumque
1055 1731 1208 1772 siccata
1238 1731 1374 1783 fuerit,
1395 1732 1537 1786 accipe
1557 1747 1674 1773 men-

221 1813 362 1840 suram
392 1798 515 1839 unius
545 1798 674 1854 partis
705 1799 747 1839 in
778 1798 960 1839 fenestra
990 1799 1293 1855 longitudinem
1329 1805 1370 1841 et
1399 1799 1675 1852 latitudinem,

222 1866 400 1921 pingens
440 1880 533 1906 eam
569 1866 613 1906 in
647 1865 791 1906 tabula
827 1865 972 1921 regula
1005 1872 1047 1907 et
1083 1866 1238 1907 circino
1274 1881 1371 1908 cum
1407 1867 1580 1922 plumbo
1610 1868 1676 1908 vel

222 1939 389 1989 stagno,
410 1938 452 1973 et
472 1933 507 1973 si
526 1933 588 1974 vis
608 1933 781 1974 limbum
802 1933 845 1973 in
866 1948 916 1974 ea
935 1933 1103 1985 habere,
1126 1934 1317 1989 pertrahe
1338 1949 1434 1975 cum
1455 1934 1674 1975 latitudine

223 2016 305 2057 qua
325 2001 399 2042 tibi
420 2000 634 2056 placuerit,
655 2006 696 2041 et
725 2015 850 2055 opere
870 2015 955 2057 quo
975 2001 1166 2042 volueris.
1228 2001 1326 2050 Quo
1348 2002 1460 2043 facto
1479 2002 1674 2057 pertrahe

224 2068 426 2124 imagines
455 2073 559 2124 quot
586 2068 765 2109 volueris
795 2068 839 2108 in
869 2069 1014 2124 primis
1045 2069 1216 2124 plumbo
1243 2070 1310 2110 vel
1339 2074 1504 2125 stagno,
1535 2069 1678 2126 sicque

226 2137 355 2177 rubeo
385 2136 523 2177 colore
554 2136 642 2176 sive
665 2136 800 2191 nigro,
831 2136 990 2177 faciens
1018 2151 1166 2178 omnes
1186 2143 1341 2179 tractus
1362 2137 1560 2189 studiose,
1581 2138 1679 2193 quia

227 2203 505 2249 necessarium
536 2203 612 2244 erit
641 2218 737 2244 cum
758 2203 910 2245 vitrum
940 2204 1136 2259 pinxeris,
1167 2209 1214 2245 ut
1243 2205 1473 2246 secundum
1494 2202 1678 2246 tabulam

227 2271 460 2326 conjungas
494 2271 664 2312 umbras
701 2277 743 2312 et
772 2272 943 2313 lumina.
1008 2271 1174 2312 Deinde
1203 2272 1429 2327 disponens
1456 2271 1679 2313 varietates

229 2338 584 2389 vestimentorum,
617 2344 717 2380 nota
746 2338 1070 2395 uniuscujusque
1100 2339 1282 2381 colorem
1313 2339 1356 2380 in
1386 2354 1462 2381 suo
1491 2340 1607 2392 loco;
1638 2346 1679 2381 et

230 2405 343 2446 aliud
372 2405 667 2461 quodcumque
697 2406 867 2461 pingere
894 2406 1072 2447 volueris
1104 2420 1188 2447 una
1218 2406 1354 2447 littera
1383 2407 1564 2447 colorem
1594 2407 1679 2463 sig-

232 2473 363 2514 nabis.
426 2471 532 2513 Post
561 2472 651 2514 haec
681 2473 824 2529 accipe
845 2474 1059 2515 vasculum
1084 2474 1341 2529 plumbeum,
1367 2479 1409 2515 et
1427 2474 1471 2514 in
1491 2489 1541 2515 eo
1563 2475 1680 2515 mitte

231 2546 387 2581 cretam
418 2554 512 2581 cum
545 2555 653 2596 aqua
682 2540 836 2592 tritam,
868 2540 934 2583 fac
964 2541 1040 2582 tibi
1070 2541 1270 2597 pincellos
1298 2542 1405 2583 duos
1426 2543 1490 2584 vel
1517 2549 1602 2583 tres
1628 2557 1680 2583 ex

234 2607 330 2663 pilo,
347 2606 538 2648 videlicet
557 2621 610 2648 ex
630 2608 765 2650 cauda
785 2609 932 2660 mardi,
953 2609 1040 2650 sive
1060 2609 1188 2665 grisii,
1205 2610 1271 2650 vel
1287 2609 1459 2665 spirioli,
1476 2616 1548 2651 aut
1567 2610 1681 2661 catti,

233 2675 320 2716 sive
339 2675 391 2716 de
412 2689 534 2716 coma
554 2675 682 2727 asini3
714 2681 756 2716 et
776 2676 919 2731 accipe
939 2690 1065 2717 unam
1086 2682 1248 2731 partem
1270 2676 1362 2717 vitri
1382 2677 1682 2734 cujuscumque

235 2741 398 2798 generis
419 2742 609 2794 volueris,
630 2758 725 2799 quae
755 2758 806 2785 ex
829 2743 942 2785 omni
962 2751 1080 2799 parte
1099 2745 1234 2801 major
1254 2745 1308 2786 sit
1327 2745 1419 2787 loco
1440 2746 1482 2786 in
1502 2761 1586 2802 quo
1607 2761 1682 2802 po-

234 2811 373 2851 nenda
392 2816 468 2862 est,
491 2811 693 2852 adhibens
723 2826 816 2853 eam
845 2827 995 2867 campo
1017 2812 1145 2868 ipsius
1167 2812 1258 2864 loci,
1281 2820 1323 2854 et
1344 2813 1450 2854 sicut
1471 2814 1681 2855 consider-

235 2878 366 2936 averis
388 2883 544 2919 tractus
574 2878 616 2919 in
645 2879 785 2920 tabula
814 2893 884 2935 per
906 2879 1088 2921 medium
1111 2880 1272 2932 vitrum,
1294 2881 1352 2922 ita
1373 2882 1563 2938 pertrahe
1585 2896 1681 2923 cum
