1970 3202
306 260 390 299 328
773 274 1027 302 THEOPHILI
1059 274 1197 302 LIBER
1226 275 1297 302 111.

307 372 519 427 cooperies
547 387 670 414 omne
699 379 919 429 argentum
944 375 1058 430 quod
1083 374 1264 416 volueris
1284 379 1331 414 ut
1354 374 1496 414 album
1529 377 1759 424 remaneat,
1935 403 1959 425 4,

306 444 349 480 et
375 439 489 495 quod
519 440 805 482 deaurandum
825 447 900 493 est,
930 447 1099 483 maneat
1125 442 1343 483 intectum.
1405 441 1534 490 Quod
1562 455 1657 482 cum
1678 441 1759 481 sic-
1932 446 1955 478 -3

306 506 465 559 caveris
497 521 622 563 super
648 523 815 564 prunas,
850 509 1071 551 deaurabis
1101 510 1196 551 loca
1230 509 1397 565 singula
1424 509 1646 565 diligenter
1672 507 1761 548 sine
1945 543 1952 563 2

307 588 432 630 aqua,
468 575 751 632 deaurataque
779 576 939 618 lavabis
957 576 968 596 ¹
1007 583 1048 618 et
1077 578 1208 632 polita
1235 577 1501 618 incolorabis.
1594 575 1761 616 Deinde
1934 550 1965 646 ᾗ

308 656 406 683 cum
426 643 675 684 carbonibus
696 644 903 685 subtiliter
922 645 1037 685 tritis*
1050 650 1092 686 et
1111 645 1235 700 lignis
1251 645 1537 700 gracilioribus
1559 649 1600 684 et
1620 657 1762 698 gross-
1939 656 1951 734 ξ

309 710 465 751 ioribus
492 710 662 752 fricabis
690 711 921 767 diligenter,
951 726 1083 768 usque
1107 727 1180 767 per
1212 713 1354 753 omnia
1373 727 1491 768 aeque
1512 712 1670 753 clarum
1692 710 1762 751 sit.
1940 734 1954 751 ι

313 777 420 818 Post
438 777 527 818 haec
549 783 590 818 et
608 778 652 818 in
673 792 774 819 auro
795 783 837 819 et
857 779 900 818 in
921 784 1095 834 argento
1116 779 1183 827 fac
1204 780 1377 821 subtiles
1397 785 1569 831 tractus,
1596 793 1702 835 quos
1723 782 1766 818 et
1948 798 1962 815 κ

312 844 505 886 faciendo
551 845 705 900 pariter
743 845 885 900 polies‚
932 846 1068 887 donec
1108 847 1162 887 ad
1208 847 1508 902 perfectionem
1547 846 1763 902 perducas,

315 911 426 953 Cum
453 927 552 953 vero
579 913 747 954 tabulas
771 913 863 954 illas
885 927 1031 954 aureas
1051 914 1116 955 vel
1146 921 1369 970 argenteas
1390 915 1565 970 pleniter
1585 914 1766 954 elevatas

313 986 441 1035 atque
461 980 612 1035 politas
632 981 842 1036 configere
862 981 1054 1032 volueris,
1069 982 1167 1023 tolle
1187 996 1327 1024 ceram
1349 988 1390 1023 et
1409 981 1588 1037 liquefac
1608 981 1652 1020 in
1669 994 1767 1020 vase

315 1047 433 1088 fictili
452 1048 518 1089 vel
542 1063 710 1104 cupreo,
741 1053 867 1105 atque
888 1050 1113 1090 commisce
1135 1049 1171 1090 ei
1193 1050 1379 1106 tegulam
1401 1049 1605 1091 subtiliter
1626 1048 1768 1089 tritam

315 1115 402 1156 sive
438 1115 645 1167 sabulum,
681 1116 742 1157 ita
770 1123 818 1157 ut
847 1117 930 1157 sint
965 1117 1089 1173 hujus
1120 1118 1214 1158 duae
1243 1123 1382 1173 partes
1417 1123 1461 1158 et
1494 1131 1599 1157 cerae
1633 1116 1767 1157 tertia.

318 1182 446 1231 Quod
477 1198 572 1224 cum
602 1184 755 1239 pariter
788 1184 1058 1241 liquefactum
1089 1186 1227 1238 fuerit,
1268 1200 1363 1227 cum
1395 1184 1601 1226 cochleari
1629 1183 1770 1239 ligneo

317 1251 478 1293 fortiter
497 1252 793 1304 commovebis,
811 1259 853 1293 et
874 1253 970 1294 inde
990 1253 1182 1309 implebis
1205 1268 1351 1294 omnes
1366 1252 1572 1308 imagines
1592 1252 1635 1291 in
1656 1265 1770 1301 auro,

318 1324 506 1373 argento,
528 1319 614 1360 sive
635 1335 777 1376 cupro,
807 1321 873 1362 vel
894 1321 1176 1377 quodcunque
1195 1321 1239 1361 in
1259 1320 1324 1361 his
1346 1321 1554 1361 elevatum
1576 1318 1710 1368 fuerit,
1731 1324 1773 1359 et

318 1386 606 1442 refrigeratum
627 1390 793 1444 confige
810 1389 881 1430 ubi
903 1390 1018 1431 velis.
1080 1390 1132 1430 In
1153 1389 1314 1446 cupreis
1331 1404 1429 1430 vero
1449 1389 1603 1430 tabulis
1623 1387 1772 1428 eodem

318 1454 447 1496 modo
468 1456 692 1497 attenuatis
714 1457 846 1498 simile
867 1472 972 1513 opus
994 1458 1054 1510 fit,
1080 1458 1153 1498 sed
1175 1457 1323 1512 majori
1344 1457 1491 1497 virium
1512 1454 1711 1496 instantia
1732 1460 1774 1495 et

321 1522 551 1578 diligentia,
572 1538 700 1579 quam
721 1524 896 1566 durioris
917 1531 1077 1566 naturae
1099 1530 1173 1566 est.
1235 1524 1362 1573 Quod
1384 1539 1489 1579 opus
1510 1539 1604 1565 cum
1627 1537 1773 1579 perve-

319 1590 427 1631 nerit
447 1591 499 1631 ed
520 1591 690 1632 subtiles
710 1596 882 1644 tractus,
914 1593 1038 1633 debet
1057 1592 1100 1632 in
1129 1592 1325 1633 exteriori
1346 1598 1462 1648 parte
1489 1591 1656 1646 purgari
1678 1605 1773 1631 cum

320 1658 443 1699 laneo
483 1646 623 1714 panno
653 1665 696 1700 et
724 1660 885 1711 sabulo,
925 1661 1061 1702 donec
1092 1661 1211 1716 nigra
1247 1661 1352 1701 cutis
1382 1660 1605 1710 auferatur,
1646 1664 1699 1699 et·
1716 1658 1775 1699 sic

323 1725 513 1767 deaurari
549 1733 674 1783 atque
705 1728 835 1783 poliri,
877 1728 1156 1785 perfectisque
1192 1726 1449 1770 decolorari²
1489 1726 1704 1777 tractibus,
1736 1732 1777 1766 et

324 1794 532 1849 praedictis
555 1795 887 1837 confectionibus
908 1796 1081 1852 impleri.

734 2195 1035 2294 CAPUT
1118 2196 1391 2259 LXXV.

589 2337 649 2365 DE
679 2338 825 2365 OPERE
856 2338 982 2370 QUOD
1013 2338 1204 2365 SIGILLIS
1235 2339 1524 2367 INPRIMITUR.

336 2435 581 2535 FIANT
601 2437 728 2478 etiam
748 2436 845 2478 ferri
864 2437 918 2478 ad
940 2451 1177 2478 mensuram
1201 2437 1324 2478 unius
1345 2437 1464 2493 digiti
1486 2439 1622 2494 spissi,
1650 2440 1783 2481 tribus

256 2540 270 2551 2
464 2503 605 2559 digitis
636 2504 702 2544 vel
729 2509 908 2560 quatuor
934 2503 1021 2554 lati,
1054 2504 1316 2559 longitudine
1333 2503 1348 2523 ³
1387 2505 1523 2553 unius,
1555 2506 1624 2563 qui
1651 2507 1783 2548 sanis-

336 2571 429 2612 simi
462 2571 617 2612 debent
643 2586 749 2623 esse,
778 2577 825 2611 ut
847 2571 890 2611 in
915 2570 975 2611 eis
1006 2571 1121 2612 nulla
1148 2571 1202 2612 sit
1226 2573 1403 2624 macula,
1433 2574 1546 2614 nulla
1572 2575 1721 2615 fissura
1741 2575 1784 2616 in

336 2639 532 2695 superiori
554 2640 694 2680 latere.
757 2638 809 2679 In
836 2638 903 2679 his
924 2639 1168 2694 sculpantur
1194 2639 1237 2680 in
1261 2639 1528 2682 similitudine
1554 2641 1784 2698 sigillorum

638 2766 648 2783 ¹
672 2766 780 2798 vitiose
801 2768 822 2783 “
833 2767 960 2805 levabis,
968 2766 985 2779 ”
1007 2767 1044 2798 in
1061 2768 1136 2799 cod.
1155 2768 1252 2799 Harl.

637 2819 649 2837 ²
673 2820 890 2859 “incolorari‚’'
913 2822 950 2852 in
967 2821 1041 2853 eod.
1060 2823 1191 2863 Guelplc.

638 2872 650 2890 ³
690 2875 792 2906 erbum
814 2874 958 2915 “pedis,’'
980 2876 1016 2906 in
1033 2876 1109 2908 Cod.
1129 2876 1260 2917 Guelplc.
1275 2876 1442 2908 invenitur.
