1970 3202
342 283 426 324 324
817 297 1068 326 'rnnopmm
1105 296 1240 325 LJBER
1273 297 1343 325 111.

340 411 436 438 sura
466 397 509 437 in
538 411 588 438 eo
618 397 684 449 sit,
715 412 808 454 quae
837 413 947 455 saepe
978 398 1227 454 contingunt
1256 412 1309 439 ex
1339 397 1512 448 incuria,
1543 398 1631 439 sive
1659 395 1794 453 negli-

342 463 483 520 gentia
499 465 564 506 vel
580 464 816 520 ignorantia
833 472 905 507 aut
920 465 1081 507 inscitia
1101 466 1327 517 fundentis,
1349 481 1443 507 cum
1466 470 1539 506 aut
1554 465 1676 506 nimis
1694 462 1794 505 cali-

343 532 458 583 dum,
479 537 552 573 aut
571 533 693 574 nimis
719 533 931 589 frigidum,
962 540 1035 575 aut
1061 533 1185 574 nimis
1213 532 1424 585 festinato,
1450 539 1524 574 aut
1555 533 1677 573 nimis
1699 545 1795 586 pro-

343 599 503 640 ductim
531 600 767 642 effunditur.
829 600 1021 657 Cumque
1048 601 1310 643 considerate
1341 607 1383 642 et
1411 604 1533 643 caute
1559 599 1729 649 fuderis,
1760 597 1796 639 si

343 667 584 724 hujusmodi
603 668 751 709 vitium
779 668 818 708 in
840 683 889 709 eo
911 668 1247 724 deprehenderis,
1269 683 1364 709 cum
1385 668 1494 709 ferro
1516 668 1570 708 ad
1591 667 1673 708 hoc
1693 671 1795 721 apto

345 733 565 790 diligenter
600 734 787 786 effodies,
828 734 861 776 si
902 735 1051 791 possis.
1113 734 1239 784 Quod
1272 736 1307 777 si
1340 741 1467 776 tantae
1501 733 1796 791 profunditatis

347 803 485 844 vesica
511 802 597 842 sive
627 802 777 843 fissura
801 803 936 853 fuerit,
965 809 1012 843 ut
1041 802 1224 844 effodere
1256 818 1341 844 non
1369 803 1520 859 possis,
1550 815 1798 857 rursumque

348 869 558 925 oportebit
577 875 617 909 te
638 869 824 920 fundere,
847 877 888 910 et
918 868 1077 910 tamdiu
1099 870 1234 911 donec
1255 885 1404 912 sanum
1426 871 1490 912 sit.
1552 869 1679 919 Quod
1702 884 1798 910 cum

347 936 485 987 fuerit,
514 936 698 991 provide,
733 944 780 978 ut
808 937 982 978 incudes
1013 943 1054 978 et
1084 936 1221 983 mallei
1254 935 1312 978 tui
1344 938 1516 979 omnino
1546 937 1727 993 aequales
1758 939 1801 977 et

349 1003 467 1059 politi
488 1004 582 1055 sint,
604 1019 697 1045 cum
721 1005 872 1061 quibus
904 1004 1066 1060 operari
1097 1005 1239 1056 debes,
1271 1010 1313 1046 et
1334 1004 1447 1045 omni
1469 1003 1685 1060 diligentia
1705 1018 1801 1060 pro-

349 1086 463 1122 cura,
483 1077 530 1112 ut
550 1071 691 1113 tabula
712 1087 838 1113 aurea
858 1073 923 1112 vel
945 1077 1142 1128 argentea
1162 1072 1221 1113 ita
1241 1071 1454 1129 aequaliter
1475 1087 1527 1114 ex
1549 1072 1664 1113 omni
1686 1076 1801 1128 parte

351 1146 599 1191 attenuetur,
620 1146 666 1180 ut
695 1140 738 1180 in
768 1141 883 1181 nullo
914 1141 1008 1181 loco
1034 1140 1208 1196 spissius
1230 1140 1283 1180 sit
1304 1154 1430 1196 quam
1451 1139 1496 1180 in
1516 1139 1610 1181 alio.
1672 1138 1803 1180 Cum-

351 1221 433 1262 que
464 1207 523 1248 sic
553 1213 768 1248 attenuata
798 1207 923 1248 fuerit
952 1214 1000 1248 ut
1029 1207 1181 1263 unguis
1201 1207 1270 1248 vix
1301 1207 1512 1263 inpressus
1533 1213 1731 1263 appareat
1750 1222 1802 1248 ex

351 1276 481 1317 altera
511 1282 640 1331 parte,
671 1282 714 1317 et
743 1276 914 1318 omnino
945 1276 1179 1328 sanissima,
1211 1277 1352 1318 statim
1380 1277 1573 1333 pertrahe
1600 1275 1804 1333 imagines

351 1344 465 1399 quod
489 1343 678 1394 volueris,
701 1344 929 1385 secundum
952 1345 1092 1385 libitos
1114 1350 1221 1386 tuos.
1282 1344 1509 1387 Pertrahes
1531 1350 1669 1387 autem
1690 1345 1734 1386 in
1754 1359 1805 1386 ea

353 1415 482 1465 parte,
504 1425 597 1466 quae
623 1411 762 1451 sanior
792 1418 833 1452 et
862 1412 1052 1453 decorior
1072 1412 1249 1464 videtur,
1280 1413 1427 1455 leniter
1456 1420 1597 1455 tamen
1618 1419 1661 1454 et
1680 1413 1738 1454 sic
1758 1419 1806 1454 ut

354 1491 405 1517 ex
437 1477 566 1518 altera
597 1484 712 1533 parte
745 1479 906 1520 modice
938 1486 1149 1536 appareat.
1213 1481 1379 1522 Deinde
1410 1496 1507 1523 cum
1537 1482 1646 1523 ferro
1676 1495 1804 1523 curvo

353 1548 460 1588 bene
482 1548 611 1602 polito
634 1547 800 1590 fricabis
829 1548 975 1590 leniter
995 1555 1121 1605 caput
1147 1549 1363 1605 imprimiS,
1392 1550 1505 1605 quod
1538 1550 1660 1591 altius
1681 1548 1808 1590 debet

355 1630 470 1668 esse3
502 1615 644 1672 sicque
672 1623 917 1657 convertens
943 1616 1130 1658 tabulam
1158 1617 1201 1657 in
1232 1622 1345 1657 recta
1370 1622 1487 1672 parte
1509 1616 1676 1658 fricabis
1696 1615 1807 1658 circa

355 1689 483 1740 caput
502 1690 543 1725 et
563 1698 658 1725 cum
683 1684 790 1725 ferro
812 1685 963 1741 aequali
993 1690 1035 1726 et
1060 1684 1203 1740 polito,
1232 1684 1364 1725 itaut
1385 1699 1559 1739 campus
1579 1684 1808 1726 descendat

356 1758 397 1793 et
418 1757 544 1808 caput
568 1753 764 1804 elevetur,
792 1757 834 1793 et
861 1752 1001 1794 statim
1030 1752 1140 1793 circa
1165 1758 1292 1808 caput
1318 1767 1416 1793 cum
1438 1753 1587 1793 malleo
1609 1751 1808 1794 mediocri

357 1835 481 1876 super
499 1820 694 1862 incudem
716 1820 921 1876 percuties
951 1820 1111 1872 leniter,
1142 1820 1285 1877 sicque
1312 1835 1452 1861 coram
1474 1820 1643 1862 fornace
1663 1834 1808 1876 super-

358 1888 504 1944 positis
537 1888 791 1929 carbonibus
823 1888 866 1928 in
900 1888 991 1943 ipso
1026 1888 1120 1929 loco
1155 1902 1369 1944 recoques,
1405 1887 1540 1928 donec
1570 1887 1807 1928 candescat.

360 1955 458 2004 Quo
493 1956 605 1997 facto
639 1961 680 1996 et
713 1956 857 1996 tabula
890 1970 963 2011 per
995 1970 1039 1996 se
1072 1955 1329 2011 refrigerata,
1363 1955 1515 1996 iterum
1545 1955 1587 1996 in
1617 1955 1809 1997 inferiore

357 2029 475 2079 parte
511 2038 607 2064 cum
641 2038 770 2064 curvo
803 2023 911 2065 ferro
944 2023 1113 2064 fricabis
1146 2023 1293 2064 leniter
1325 2029 1367 2065 et
1398 2023 1618 2079 diligenter
1651 2024 1810 2065 fossam

326 2141 329 2145 .
358 2091 505 2147 capitis
544 2091 728 2143 interius,
768 2096 1099 2147 convertensque
1143 2084 1331 2132 tabulam
1371 2090 1414 2131 in
1455 2091 1655 2147 superiori
1693 2099 1811 2148 parte

357 2160 496 2201 denuo
518 2174 614 2201 cum
635 2158 785 2215 aequali
807 2159 915 2200 ferro
937 2158 1118 2210 fricabis,
1140 2164 1182 2200 et
1202 2158 1386 2214 depones
1407 2173 1602 2214 campum
1622 2164 1671 2200 ut
1690 2173 1811 2200 mon-

357 2227 508 2268 ticulus
529 2228 711 2268 elevetur
732 2226 894 2282 capitis,
925 2240 1172 2282 rursumque
1193 2240 1290 2267 cum
1312 2226 1462 2267 malleo
1482 2227 1682 2269 mediocri
1701 2227 1811 2269 circa

359 2295 497 2350 ipsum
527 2294 673 2334 leniter
698 2293 947 2349 percutiens,
976 2294 1179 2349 appositis
1203 2294 1456 2335 carbonibus
1475 2309 1699 2351 recoques;
1729 2294 1811 2336 sic-

362 2376 444 2418 que
477 2376 587 2417 saepe
620 2361 762 2411 facies,
792 2361 1011 2416 diligenter
1045 2361 1246 2402 elevando
1277 2361 1447 2403 interius
1476 2367 1518 2403 et
1549 2362 1743 2413 exterius,
1770 2366 1812 2402 et

362 2429 509 2471 crebro
530 2428 813 2485 percutiendo,
847 2427 1081 2483 totiensque
1111 2428 1377 2484 recoquendo
1404 2429 1541 2470 donec
1560 2428 1812 2470 monticulus

361 2498 428 2538 ille
450 2498 627 2538 ducatur
655 2496 708 2537 ad
737 2495 999 2536 altitudinem
1023 2494 1148 2536 trium
1172 2494 1398 2551 digitorum
1418 2502 1491 2537 aut
1509 2501 1703 2552 quatuor,
1725 2496 1812 2538 sive

364 2566 456 2621 plus
478 2565 543 2606 vel
567 2564 707 2604 minus
738 2562 968 2608 secundum
997 2562 1274 2619 quantitatem
1301 2562 1545 2619 imaginum.
1606 2562 1652 2604 Si
1673 2568 1813 2605 autem

363 2633 501 2691 ipsum
536 2646 684 2674 aurum
712 2631 778 2674 vel
809 2635 1026 2686 argentum
1064 2629 1203 2672 adhuc
1235 2630 1496 2687 aliquantum
1529 2630 1701 2687 spissius
1735 2636 1812 2683 est,
