1970 3202
674 299 810 326 NOTES
841 301 895 327 To
926 301 1044 328 BOOK
1078 305 1103 331 1.
1566 289 1619 328 65

161 406 253 436 note
272 398 472 442 sandarac,
492 399 557 435 the
587 398 764 449 problem
790 400 821 437 is
850 400 986 437 solved
1013 401 1089 437 and
1109 401 1173 437 the
1202 401 1459 451 composition
1479 402 1525 439 of
1553 403 1618 439 the

162 461 317 499 varnish
338 461 376 499 in
396 474 465 498 use
485 470 524 498 at
544 461 620 498 this
639 461 746 511 early
766 463 903 512 period
924 463 971 500 of
985 463 1049 500 the
1069 474 1148 501 arts
1167 464 1280 501 made
1300 464 1469 502 evident.

216 524 378 562 Tacitus
397 524 526 562 shows
547 524 631 561 that
648 525 716 562 the
738 525 846 563 word
872 531 894 547 “
909 525 1042 571 Glas,”
1063 527 1180 576 given
1208 528 1260 577 by
1279 528 1343 574 the
1363 526 1555 564 Germans
1577 535 1616 564 to

160 588 294 624 amber
314 601 364 625 on
383 596 550 626 account
568 588 678 625 ofits
698 596 992 639 transparency,
1015 589 1084 627 has
1103 591 1202 627 been
1224 590 1442 627 Latinized.

215 651 390 697 Tacitus,
428 651 474 688 de
505 650 757 696 Germanicis,
778 665 811 689 c.
845 655 907 697 45,
946 653 1075 690 writes
1108 653 1156 690 of
1181 654 1327 697 amber,
1363 659 1386 674 ‘⁶
1402 652 1508 703 quod
1546 653 1618 702 ipsi

161 714 347 752 Glessum
368 715 548 759 vocant,”
577 714 653 752 and
672 714 963 753 elsewhere—“
977 715 1096 762 Quod
1117 716 1301 754 Germani
1331 716 1414 766 glas
1441 713 1620 759 vocant‚''

159 778 365 829 probably,
386 783 409 800 ‘⁶
424 791 446 815 a
461 777 714 816 similitudine
733 778 842 816 vitri:
855 779 876 794 '’
897 779 972 816 and
988 779 1191 817 doubtless
1212 780 1276 817 the
1295 793 1399 817 same
1417 792 1618 828 compara-

159 842 239 879 tive
257 841 546 880 nomenclature
568 841 698 879 would
722 843 771 880 be
800 842 896 880 used
915 842 974 880 for
994 843 1105 880 other
1126 844 1275 894 species
1303 843 1351 880 of
1374 849 1619 892 transparent

159 906 294 951 resins,
315 905 380 943 the
399 905 508 943 word
526 906 671 956 having
691 919 788 943 once
805 907 967 944 become
987 906 1230 944 Latinized¹.

211 969 327 1006 Some
346 969 480 1007 Greek
499 969 575 1006 and
596 969 703 1007 Arab
719 969 892 1014 authors,
913 970 1209 1019 consequently,
1226 983 1340 1020 many
1354 970 1401 1007 of
1415 970 1477 1007 the
1497 968 1617 1006 medi-

160 1033 260 1071 aeval
280 1033 443 1077 writers,
465 1036 561 1070 have
581 1032 832 1071 confounded
852 1033 916 1070 the
937 1033 1098 1078 Amber‚
1120 1034 1319 1071 Sandarac
1347 1033 1423 1071 and
1449 1032 1475 1069 J
1481 1033 1617 1082 uniper

159 1098 283 1135 resins
303 1098 479 1148 together
495 1111 504 1142 3
529 1097 593 1134 the
609 1105 686 1134 two
698 1096 814 1135 latter
834 1110 912 1143 are,
929 1110 1026 1134 even
1046 1105 1084 1134 at
1098 1097 1173 1134 this
1191 1097 1280 1147 day,
1299 1097 1406 1134 often
1426 1096 1617 1133 mistaken

161 1161 222 1198 for
242 1161 336 1199 each
356 1161 480 1206 other,
501 1174 546 1198 or
567 1159 913 1211 indiscriminately
934 1160 1100 1198 noticed.

214 1225 390 1275 Serapio,
420 1224 468 1262 de
503 1224 820 1275 temperamentis
835 1223 861 1270 ²,
904 1238 937 1262 c.
974 1228 1064 1269 266,
1100 1238 1138 1274 p.
1174 1228 1260 1270 163,
1294 1225 1436 1268 writes,
1471 1237 1521 1261 on
1555 1223 1618 1259 the

159 1289 361 1338 authority
390 1288 438 1326 of
458 1287 598 1332 Galen,
628 1287 725 1325 “De
754 1287 913 1326 Karabe
946 1288 1008 1326 vel
1034 1289 1277 1334 Ka-krabe,’‘
1316 1287 1468 1325 “Haur
1489 1285 1618 1330 Romi,

158 1351 199 1389 id
217 1360 277 1390 est
304 1351 526 1396 Karabe;’'
556 1351 632 1387 and
662 1351 709 1388 of
739 1350 1008 1396 Dioscorides,
1039 1358 1062 1374 ⁴⁶
1081 1352 1131 1390 Et
1158 1353 1300 1390 dicitur
1335 1349 1442 1401 quod
1472 1347 1618 1399 gummi

158 1417 256 1454 haur
277 1415 404 1460 Romi,
423 1414 530 1465 quod
550 1415 723 1452 nascitur
744 1414 863 1465 juxta
882 1415 1044 1454 fluvium
1074 1417 1180 1467 quod
1209 1415 1350 1453 dicitur
1371 1413 1618 1454 Rhodanum,

158 1480 266 1530 quod
284 1478 495 1517 distillatur
515 1479 553 1515 in
583 1477 741 1516 flumine
761 1478 841 1524 illo,
861 1479 1087 1530 congelatur
1115 1479 1206 1524 ibi,”
1241 1479 1327 1521 δια,
1348 1478 1418 1515 &c.
1436 1491 1444 1521 ;
1475 1476 1551 1514 and
1578 1475 1626 1512 of

159 1543 306 1581 Paulus
337 1543 517 1592 Agineta,
546 1542 740 1580 “Karabe
767 1550 828 1580 est
847 1543 994 1593 gummi
1013 1543 1163 1581 arboris
1192 1543 1288 1580 haur
1318 1540 1444 1585 Romi,
1467 1546 1620 1577 emanat

158 1609 207 1645 ab
228 1607 325 1645 haur
354 1606 484 1650 Romi,
506 1614 543 1643 et
570 1606 808 1657 congelatur,
828 1614 868 1644 et
887 1614 947 1644 est
974 1607 1115 1645 coloris
1144 1607 1245 1644 auri:
1278 1614 1418 1656 putant
1448 1604 1617 1654 quidam,

158 1671 263 1721 quod
283 1670 386 1708 istud
408 1669 567 1708 Karabe
584 1670 633 1707 sit
653 1670 890 1708 sandaracha
909 1681 948 1708 et
966 1671 1113 1716 dicunt,
1133 1671 1239 1720 quod
1261 1670 1414 1708 Karabe
1435 1667 1617 1706 Sodoniae

158 1743 217 1772 est
237 1734 460 1786 hujusmodi
481 1734 650 1785 gummi:
672 1743 710 1772 et
727 1743 787 1772 est
805 1736 953 1785 gummi
966 1735 1113 1773 funeris
1130 1750 1138 1780 3
1167 1749 1213 1772 eo
1233 1734 1338 1784 quod
1354 1734 1479 1771 Latini
1498 1746 1618 1784 pone-

158 1800 253 1837 bant
273 1800 399 1850 ipsum
421 1813 538 1850 super
558 1812 723 1849 corpora
742 1799 1059 1837 defunctorum.”

213 1863 326 1902 Isaac
359 1864 475 1902 Eben
509 1864 670 1901 Amram
703 1863 796 1901 tells
829 1877 887 1907 us,
919 1869 942 1886 “
959 1863 1205 1901 Sandaracha
1234 1871 1293 1901 est
1325 1863 1471 1913 gummi
1491 1862 1619 1900 citrini

157 1926 300 1964 coloris
320 1927 455 1965 similis
474 1926 645 1972 Karabe,
666 1926 735 1964 sed
763 1940 840 1964 non
869 1935 930 1964 est
949 1928 1003 1964 ita
1031 1928 1173 1965 durum
1193 1927 1292 1966 sicut
1312 1927 1480 1971 Karabe,
1500 1935 1539 1964 et
1558 1936 1620 1964 est

157 1990 195 2027 in
224 2003 271 2027 eo
299 2003 436 2040 parum
471 1990 751 2033 amaritudinis,
772 1999 811 2027 et
839 1984 1002 2028 affertur
1032 2005 1054 2028 a
1087 1991 1202 2029 terris
1231 1991 1552 2035 Christianorum,
1578 2000 1618 2027 et

158 2054 281 2091 virtus
301 2053 387 2104 ejus
407 2061 467 2090 est
487 2053 624 2090 similis
646 2053 780 2090 virtuti
797 2053 968 2099 Karabe,
990 2054 1061 2091 &c.
1079 2069 1088 2099 ;
1112 2063 1151 2091 et
1166 2055 1234 2104 qui
1252 2054 1441 2104 accipitur
1460 2067 1509 2091 ex
1528 2062 1616 2091 san-

157 2117 325 2154 daracha
344 2125 383 2154 et
402 2116 490 2154 oleo
509 2130 686 2154 rosarum
707 2125 747 2153 et
771 2117 918 2154 limitur
938 2132 1024 2155 cum
1054 2119 1122 2162 eis,
1144 2119 1294 2156 confert
1323 2118 1498 2155 scissuris
1527 2130 1616 2167 quae

158 2180 258 2218 fiunt
278 2181 314 2217 in
336 2180 534 2223 membris,
556 2180 626 2217 διο.
647 2189 686 2217 et
719 2181 750 2216 si
781 2194 857 2218 non
888 2182 1091 2231 reperitur,
1112 2195 1212 2232 pone
1241 2181 1328 2219 loco
1356 2181 1440 2232 ejus
1464 2181 1616 2230 pondus

157 2245 285 2282 tertiae
307 2244 429 2295 partis
450 2243 538 2294 plus
558 2243 731 2294 pondere
760 2244 882 2294 ipsius
903 2245 951 2282 de
977 2244 1136 2283 Karabe
1155 2259 1162 2282 ε
1193 2245 1297 2295 quod
1327 2245 1498 2295 quidem,
1519 2245 1618 2282 dixit

157 2307 344 2352 Galenus,
374 2321 459 2345 esse
492 2307 638 2357 gummi
688 2313 698 2328 ‘
717 2307 829 2345 Haur
871 2308 1114 2346 Romanae.’”
1171 2308 1266 2346 This
1297 2309 1438 2353 writer,
1467 2309 1519 2359 by
1553 2309 1617 2346 the

157 2371 297 2422 phrase
327 2376 350 2393 “
366 2379 406 2408 et
423 2370 586 2408 affertur
611 2383 633 2407 a
650 2371 763 2408 terris
784 2371 1134 2418 Christianorum,'’
1165 2386 1290 2410 seems
1311 2381 1350 2410 to
1370 2372 1535 2410 indicate
1555 2372 1618 2409 the

155 2449 247 2486 gum
263 2435 366 2473 resin
386 2435 434 2472 of
447 2435 511 2473 the
532 2434 741 2485 European
762 2435 915 2474 Cedrus
934 2437 1146 2488 Juniperus
1164 2452 1173 2482 ς
1205 2451 1245 2474 as
1261 2437 1343 2475 also
1356 2437 1449 2474 does
1473 2437 1616 2473 Paulus

157 2500 208 2549 by
246 2499 444 2537 “Karabe
473 2498 697 2550 Sodoniae‚’'
727 2514 749 2538 a
781 2501 929 2552 species
958 2502 1004 2538 of
1036 2502 1111 2538 this
1129 2510 1208 2538 tree
1237 2501 1411 2551 growing
1440 2501 1476 2538 in
1498 2501 1615 2538 Phoe-

200 2609 209 2627 ¹
234 2610 251 2641 Ι
266 2620 316 2640 am
330 2610 463 2641 fortified
478 2610 511 2641 in
526 2610 590 2642 this
601 2612 807 2653 presumption
831 2613 874 2652 by
887 2622 906 2642 a
921 2622 1046 2653 passage
1058 2613 1091 2642 in
1109 2612 1334 2650 Aldrovandus,
1351 2615 1370 2630 “
1384 2612 1495 2644 Musaei
1511 2613 1608 2644 Metal

154 2663 238 2695 lici.”
275 2664 343 2696 Lib.
360 2665 390 2696 3.
415 2664 450 2695 G.
471 2665 522 2696 18.
550 2666 687 2697 “Latini
710 2667 876 2698 succinum.
922 2667 1067 2698 Germani
1083 2671 1210 2704 veteres,
1238 2672 1272 2697 ut
1296 2667 1419 2698 Tacitus
1441 2673 1473 2697 et
1497 2668 1618 2699 Plinius

155 2717 300 2756 referunt,
323 2719 454 2758 glessum
479 2721 628 2751 vocabant
651 2732 718 2760 quae
735 2732 794 2751 vox
817 2721 908 2752 hodie
931 2721 1043 2751 vitrum
1063 2720 1232 2760 significare
1249 2720 1370 2760 videtur
1382 2731 1391 2758 3
1413 2732 1481 2752 cum
1506 2723 1616 2762 aliqua

154 2774 265 2813 species
288 2774 417 2811 succini,
432 2775 536 2806 instar
551 2776 627 2805 vitri
636 2777 799 2816 pellacem,
816 2777 898 2806 ‘unde
916 2780 1022 2815 postea
1046 2780 1145 2804 ortum
1166 2780 1206 2805 est
1223 2775 1421 2815 proverbium
1437 2777 1473 2805 in
1488 2777 1618 2816 aliquod

155 2827 275 2856 micans
289 2831 315 2856 et
331 2827 481 2864 nitidum,
498 2829 620 2859 Electra
637 2829 804 2860 lucidius.”

197 2879 210 2897 ¹
234 2879 369 2920 Serapim
420 2881 483 2912 Fol.
502 2881 628 2921 Venice,
654 2883 748 2913 1550.
795 2882 968 2913 Abrahamo
991 2882 1010 2912 J
1015 2883 1111 2920 udaeo,
1136 2888 1166 2912 et
1183 2882 1617 2923 Syn1oniJanseni,interpre·

155 2934 249 2964 tibus.

1434 3005 1453 3028 Β
