1970 3202
337 295 419 334 308
808 306 1061 334 THEOPHILI
1094 307 1228 335 tumn
1263 308 1328 335 111.

336 407 450 463 ligno
481 407 523 447 in
548 407 691 463 spatiis
721 408 827 448 inter
857 408 987 448 ferros
1017 407 1222 449 foramina
1252 408 1355 448 fiant
1374 421 1447 463 per
1468 407 1607 448 omnia
1628 414 1785 463 quanto

336 475 498 530 possint
518 475 743 530 ampliora;
777 481 818 516 et
839 475 898 516 sic
920 475 1137 531 diligenter
1158 475 1347 516 siccetur.

399 542 567 583 Deinde
588 543 642 583 ab
662 542 777 598 ipso¹
801 557 964 583 sursum
986 543 1061 583 fiat
1083 557 1224 583 murus
1255 556 1351 583 cum
1378 543 1547 583 minutis
1566 542 1787 598 lapidibus,

339 615 381 651 et
399 611 547 651 eadem
569 611 717 665 argilla
745 610 788 650 in
817 610 990 650 modum
1015 611 1121 661 ollae,
1149 609 1209 650 ita
1238 616 1285 650 ut
1304 624 1329 650 a
1350 610 1572 652 medietate
1599 611 1788 666 superius

337 679 640 734 aliquantulum
675 678 852 719 strictior
889 678 954 729 sit,
990 683 1032 718 et
1070 678 1145 718 fiat
1183 678 1304 718 altior
1343 692 1470 734 quam
1509 678 1685 719 latitudo
1721 677 1787 728 sit,

338 752 466 802 atque
495 761 591 787 cum
621 746 887 801 ligaminibus
918 745 1059 785 ferreis
1089 744 1272 800 quinque
1303 751 1376 786 aut
1404 751 1582 801 quatuor
1611 746 1788 787 circum-

338 814 501 868 ligetur,
533 819 574 854 et
608 813 755 854 eadem
786 813 931 868 argilla
951 812 1122 853 interius
1147 818 1190 853 et
1218 813 1400 854 exterius
1425 814 1642 870 diligenter
1666 813 1788 854 illini-

339 886 443 922 atur.
506 881 604 929 Quo
626 882 736 922 facto
758 881 1024 937 imponantur
1046 880 1248 920 carbones
1269 880 1462 921 ardentes
1483 882 1697 922 commixti
1718 896 1789 922 ex-

338 949 493 999 tinctis,
524 954 564 989 et
592 964 691 989 mox
713 955 861 990 ventus
892 963 965 1004 per
991 948 1187 989 inferiora
1217 948 1418 989 foramina
1447 948 1683 1004 ingrediens
1715 949 1789 990 ab·

339 1030 442 1071 sque
462 1016 565 1057 flatu
586 1017 694 1057 follis
719 1017 859 1058 educit
879 1016 1087 1068 flammas,
1113 1022 1155 1056 et
1176 1015 1374 1071 quicquid
1403 1016 1558 1057 metalli
1579 1016 1790 1071 inponitur

337 1084 478 1124 statim
510 1099 582 1139 per
613 1099 656 1125 se
688 1084 893 1140 liquescit.
955 1083 1061 1125 Post
1091 1084 1180 1124 haec
1211 1083 1292 1124 hoc
1326 1084 1454 1125 modo
1486 1090 1790 1139 componantur

342 1152 509 1192 vascula
541 1152 636 1193 huic
668 1152 781 1207 operi
810 1152 1058 1193 necessaria.

751 1533 1068 1596 CAPUT
1150 1533 1358 1595 LXV.

724 1690 784 1717 DE
814 1690 1150 1718 COMPOSITIONE
1180 1691 1408 1719 VASORUM.

441 1800 596 1842 OLLE
631 1800 840 1856 fragmina
870 1806 1055 1841 veterum
1086 1814 1295 1852 vasorum,
1331 1799 1374 1840 in
1408 1799 1559 1856 quibus
1593 1806 1690 1842 ante
1721 1815 1792 1842 cu—

480 1884 600 1925 prum
632 1869 719 1910 sive
749 1869 1000 1910 auricalcum
1036 1869 1174 1910 fusum
1208 1869 1356 1919 fuerat,
1387 1873 1429 1909 et
1458 1883 1581 1924 super
1610 1869 1792 1924 lapidem

340 1938 580 1979 minutatim
617 1938 844 1993 confringe.
906 1937 1073 1978 Deinde
1108 1937 1250 1992 accipe
1281 1942 1448 1989 terram,
1483 1952 1535 1978 ex
1570 1951 1653 1993 qua
1685 1938 1794 1978 fiunt

343 2006 448 2056 ollae,
481 2006 601 2061 cujus
634 2020 788 2060 genera
823 2010 919 2046 sunt
955 2005 1063 2056 duo3
1100 2019 1230 2045 unum
1266 2005 1421 2056 album,
1454 2005 1565 2045 aliud
1596 2005 1791 2060 grisium;

342 2088 393 2114 ex
429 2073 581 2129 quibus
621 2073 765 2114 album
795 2073 908 2114 valet
947 2073 1001 2114 ad
1042 2072 1316 2114 colorandum
1352 2087 1511 2124 aurum,
1551 2073 1663 2114 aliud
1695 2087 1794 2114 vero

327 2141 395 2182 ‘ad
426 2141 517 2183 haec
547 2155 648 2182 vasa
678 2141 994 2196 componenda3
1031 2146 1073 2182 et
1102 2155 1198 2182 cum
1231 2140 1508 2182 minutissime
1539 2141 1793 2192 contriveris,

342 2209 452 2250 hanc
489 2209 661 2250 crudam
700 2214 852 2250 terram
892 2209 936 2251 in
975 2223 1170 2250 mensura
1206 2208 1453 2250 commisces
1488 2208 1617 2260 alteri,
1652 2209 1695 2249 id
1731 2215 1795 2250 est

342 2276 586 2328 combustae,
619 2291 745 2332 quam
782 2277 963 2333 primum
995 2277 1183 2328 triveras,
1214 2276 1296 2317 hoc
1330 2277 1473 2318 modo.
1533 2276 1690 2332 Accipe
1719 2291 1794 2317 vas

343 2345 624 2400 quodcunque
645 2350 687 2385 et
706 2345 833 2400 imple
853 2344 955 2385 illud
975 2345 1039 2385 bis
1068 2359 1120 2385 ex
1148 2345 1278 2385 cruda
1297 2350 1419 2396 terra,
1442 2350 1483 2385 et
1502 2350 1566 2386 ter
1586 2359 1638 2386 ex
1658 2350 1792 2395 cocta,

341 2413 399 2453 ita
428 2417 476 2452 ut
506 2412 598 2452 duae
629 2418 768 2468 partes
798 2412 882 2453 sint
912 2412 1051 2453 erudae
1082 2418 1123 2453 et
1152 2417 1236 2453 tres
1261 2417 1404 2464 coctae,
1425 2417 1467 2454 et
1486 2427 1647 2467 ponens
1669 2412 1789 2453 simul

341 2482 383 2521 in
404 2495 478 2521 vas
500 2495 701 2536 magnum
724 2480 926 2536 perfunde
947 2494 1058 2536 aqua
1078 2479 1232 2535 tepida,
1258 2484 1300 2520 et
1329 2480 1490 2521 malleis
1519 2494 1569 2521 ac
1600 2480 1793 2521 manibus

339 2549 499 2590 fortiter
528 2562 707 2599 macera,
739 2548 873 2589 donec
903 2547 1074 2589 omnino
1104 2547 1147 2588 in
1168 2562 1212 2588 se
1240 2552 1367 2588 tenax
1397 2548 1464 2589 sit.
1527 2547 1695 2589 Deinde
1715 2548 1793 2604 lig-

341 2631 443 2656 num
479 2615 705 2657 rotundum
734 2615 870 2656 incide
902 2615 955 2655 ad
988 2628 1242 2665 mensuram,
1274 2628 1404 2670 quam
1429 2614 1608 2655 volueris
1637 2614 1792 2655 habere

341 2698 500 2734 vasam,
534 2683 765 2725 secundum
801 2682 1078 2739 quantitatem
1114 2681 1309 2734 fornacis,
1344 2687 1385 2723 et
1421 2696 1544 2738 super
1575 2682 1677 2722 illud
1709 2681 1793 2722 for-

341 2751 475 2793 mabis
496 2752 714 2792 vasculum
738 2765 883 2802 unum,
906 2755 946 2791 et
972 2749 1198 2791 formatum
1225 2764 1325 2791 mox
1347 2750 1621 2792 circumlinies
1642 2750 1791 2792 cineri-

340 2820 418 2861 bus
439 2820 572 2870 siccis,
594 2825 635 2860 et
656 2819 714 2860 sic
727 2819 851 2875 juxta
871 2819 1012 2874 ignem
1029 2832 1138 2873 pone
1154 2818 1289 2860 donec
1311 2819 1499 2860 siccetur.
1552 2818 1647 2861 Hoc
1664 2818 1792 2860 modo

820 2921 828 2939 ¹
854 2921 975 2953 “lara”
1020 2923 1082 2954 Ex.
1101 2922 1174 2953 C'od.
1194 2923 1323 2963 Guelph.
