1970 3202
309 223 362 264 48
791 239 1038 267 THEOPHILI
1070 240 1205 268 LIBER
1238 241 1267 268 1.

670 427 973 491 CAPUT
1049 428 1446 492 XXXIX.x

764 575 824 602 DE
854 573 1025 603 CEROSA
1056 575 1111 602 ΕΤ
1143 575 1293 603 MINIO.

309 668 651 768 CEROSAM
674 679 815 715 autem
845 674 1149 730 compositurus
1170 674 1237 715 fac
1257 675 1332 716 tibi
1352 674 1571 730 plumbeas
1592 675 1755 717 tabulas

419 741 637 792 attenuari,
662 747 704 782 et
734 756 993 797 componens
1027 756 1098 782 eas
1131 741 1265 783 siccas
1297 742 1341 782 in
1371 756 1475 783 cavo
1506 742 1619 798 ligno
1651 743 1756 784 sicut

305 824 493 865 cuprum,
514 823 640 864 supra
658 809 797 850 infuso
818 815 937 850 aceto
959 808 1097 849 calido
1119 808 1206 850 sive
1226 808 1346 851 urina
1359 810 1538 865 cooperi.
1590 810 1755 851 Deinde

305 881 402 932 post
433 890 619 917 mensem
652 876 767 917 solve
807 876 1119 931 cooperculum,
1153 881 1195 916 et
1230 876 1429 932 quicquid
1461 877 1602 918 album
1635 878 1758 930 fuerit

304 944 507 994 auferens,
529 957 692 984 rursum
713 957 867 998 repone
898 942 1006 984 sicut
1026 942 1151 998 prius.
1214 943 1407 999 Cumque
1428 944 1503 985 tibi
1534 944 1755 995 suffecerit,

304 1016 346 1052 et
366 1011 541 1051 minium
562 1011 659 1051 inde
689 1010 826 1052 facere
847 1011 1066 1067 placuerit,
1088 1011 1280 1052 eamdem
1309 1026 1498 1053 cerosam
1517 1017 1604 1053 tere
1634 1027 1757 1068 super

304 1079 484 1134 lapidem
516 1078 675 1134 absque
696 1092 821 1134 aqua,
844 1083 886 1119 et
917 1078 1071 1119 deinde
1103 1079 1273 1120 mittens
1302 1079 1346 1119 in
1378 1080 1480 1120 ollas
1500 1094 1632 1121 novas
1653 1081 1757 1121 duas

303 1148 368 1189 vel
390 1152 486 1198 tres,
508 1161 618 1202 pone
639 1160 765 1201 super
785 1146 990 1187 carbones
1011 1146 1229 1199 ardentes3
1261 1147 1419 1188 habeas
1440 1153 1582 1188 autem
1603 1148 1756 1189 ferrum

304 1215 457 1271 gracile
478 1229 665 1265 curvum,
687 1229 739 1255 ex
759 1228 844 1255 una
864 1213 1002 1270 parte¹
1026 1219 1217 1270 aptatum
1239 1220 1280 1255 et
1299 1215 1342 1255 in
1359 1215 1596 1257 summitate
1611 1217 1755 1267 latum,

304 1298 400 1324 cum
421 1298 504 1339 quo
525 1297 691 1325 movere
712 1297 762 1323 ac
792 1281 964 1323 miscere
985 1281 1120 1338 ipsam
1148 1297 1335 1323 cerosam
1365 1283 1574 1324 interdum
1596 1284 1755 1339 possis;

304 1357 430 1407 atque
450 1351 532 1392 hoc
552 1357 639 1393 tam
659 1350 731 1391 diu
752 1350 880 1391 facias
901 1350 1037 1391 donec
1059 1350 1234 1391 minium
1256 1351 1429 1392 omnino
1450 1351 1626 1392 rubeum
1646 1352 1735 1392 fiat.

755 1609 1058 1673 CAPUT
1141 1609 1278 1672 XL.

865 1758 926 1784 DE
955 1755 1191 1785 INCAUS'I'O.

367 1856 701 1900 NCAUSTUM
724 1858 849 1900 etiam
869 1857 1056 1900 facturus
1075 1857 1211 1899 incide
1242 1858 1317 1900 tibi
1337 1858 1450 1913 ligna
1471 1857 1683 1912 spinarum
1713 1857 1755 1898 in

384 1926 531 1982 Aprili,
552 1926 595 1967 in
617 1925 751 1978 Maio,
783 1925 1028 1982 priusquam
1052 1926 1288 1980 producant
1317 1927 1442 1968 flores
1477 1930 1550 1966 aut
1581 1925 1693 1977 folia,
1715 1930 1757 1966 et

304 2008 568 2050 congregans
597 1993 695 2035 inde
715 1993 949 2045 fasciculos,
972 1993 1061 2034 sine
1091 1993 1233 2049 jacere
1252 1994 1296 2034 in
1326 1994 1474 2035 umbra
1493 1993 1599 2034 duas
1629 1992 1756 2048 septi-

304 2076 452 2103 manas
473 2067 546 2102 aut
565 2067 650 2103 tres
671 2067 743 2102 aut
763 2066 957 2117 quatuor,
979 2060 1114 2102 donec
1136 2061 1440 2118 aliquantulum
1480 2061 1754 2103 exsiccentur.

307 2129 474 2170 Deinde
493 2130 650 2171 habeas
671 2130 843 2170 malleos
860 2128 1022 2184 ligneos
1038 2142 1133 2169 cum
1151 2128 1304 2184 quibus
1321 2144 1443 2185 super
1463 2129 1576 2170 aliud
1597 2129 1755 2184 lignum

304 2197 453 2238 durum
474 2197 708 2238 contundas
727 2197 840 2252 ipsas
862 2196 1018 2252 spinas,
1032 2195 1167 2237 donec
1184 2196 1380 2238 corticem
1397 2196 1567 2238 omnino
1589 2196 1754 2246 evellas,

303 2279 429 2321 quem
465 2264 607 2305 statim
643 2264 782 2305 mittes
811 2264 857 2306 in
889 2263 1049 2304 dolium
1084 2263 1197 2319 aqua
1233 2265 1426 2319 plenum3
1458 2278 1638 2318 cumque
1671 2263 1755 2304 duo

304 2333 417 2374 dolia
445 2333 511 2373 vel
539 2331 617 2372 tria
637 2346 710 2372 seu
740 2336 920 2387 quatuor
940 2335 1012 2371 aut
1041 2330 1226 2386 quinque
1247 2331 1400 2373 cortice
1421 2337 1463 2372 et
1492 2331 1603 2387 aqua
1623 2331 1754 2386 reple—

304 2401 425 2453 veris,
447 2400 536 2442 sine
557 2400 616 2441 sic
636 2405 746 2440 stare
775 2413 848 2454 per
868 2402 964 2439 octo
986 2397 1088 2449 dieS,
1110 2397 1245 2439 donec
1267 2412 1376 2454 aqua
1402 2413 1569 2440 omnem
1591 2399 1755 2440 corticis

304 2483 475 2510 succum
510 2469 554 2509 in
588 2482 637 2510 se
667 2467 896 2508 emordeat.
943 2465 1065 2506 vPost
1099 2465 1189 2506 haec
1225 2465 1343 2507 mitte
1363 2466 1499 2522 ipsam
1529 2480 1682 2523 aquam
1712 2468 1755 2508 in

304 2537 508 2578 cacabum
548 2534 886 2585 mundissimum,
915 2533 979 2574 vel
1018 2532 1063 2573 in
1101 2532 1295 2585 lebetem,
1329 2539 1371 2574 et
1406 2535 1623 2590 supposito
1658 2535 1755 2591 igne

303 2618 461 2660 coque;
491 2604 703 2645 interdum
723 2602 849 2644 etiam
869 2600 1049 2641 immitte
1065 2599 1118 2641 de
1137 2599 1229 2655 ipso
1243 2601 1396 2642 cortice
1417 2602 1459 2642 in
1475 2603 1692 2655 cacabum,
1708 2608 1755 2643 ut

305 2672 338 2713 si
359 2672 458 2729 quid
479 2672 593 2714 succi
613 2672 656 2712 in
677 2685 727 2712 eo
758 2668 958 2711 remansit
978 2673 1250 2724 excoquatur.
1311 2668 1453 2717 Quam
1474 2684 1570 2711 cum
1591 2671 1755 2712 modice

304 2741 479 2792 coxeris,
499 2740 616 2796 ejice,
637 2740 847 2794 aliumque
877 2750 1017 2777 rursus
1039 2735 1229 2777 immitte.
1291 2736 1389 2785 Quo
1411 2737 1522 2779 facto
1545 2738 1750 2779 residuam

793 2849 800 2866 ¹
819 2850 839 2865 “
854 2847 965 2888 ligno,’'
981 2849 1025 2879 sic
1043 2848 1107 2879 Ood
1135 2849 1266 2889 Guelpk.
