1970 3202
333 262 416 302 310
803 274 1056 301 'rnnopmm
1090 274 1226 301 LmER
1257 274 1326 300 111.

332 389 538 429 compone
560 388 660 414 vasa
681 380 784 430 quot
804 374 993 415 volueris.
1054 374 1136 415 Sed
1163 389 1258 415 cum
1279 373 1499 429 diligenter
1519 372 1674 413 siccata
1696 372 1784 413 fue-

331 442 425 493 rint,
456 456 566 497 pone
586 442 629 482 in
650 441 863 482 fornacem
884 441 964 483 tria
985 442 1049 483 vel
1076 449 1255 498 quatuor
1275 447 1348 482 aut
1368 441 1566 497 quinque,
1587 440 1631 481 in
1650 455 1784 497 quan-

330 514 421 549 tum
442 509 590 551 fornax
612 523 759 565 capere
780 510 925 565 possit,
947 516 988 551 et
1008 509 1295 550 circumfunde
1315 509 1534 550 carbones.

730 807 1053 870 CAPUT
1134 806 1395 869 LXVI.

771 966 832 993 DE
862 965 1199 994 COMPOSITIONE
1230 966 1357 993 AERIS.

429 1075 657 1124 UMQUE
675 1062 929 1127 canduerit¹,
949 1076 1050 1117 tolle
1070 1075 1337 1126 calaminam,
1358 1075 1411 1116 de
1432 1088 1517 1131 qua
1538 1090 1664 1131 supra
1684 1076 1787 1127 dixi,

484 1158 580 1184 cum
616 1143 867 1184 carbonibus
908 1143 1227 1184 minutissimam
1262 1143 1417 1195 tritam,
1457 1149 1499 1183 et
1530 1143 1572 1183 in
1611 1142 1786 1199 singulis

331 1211 511 1253 vasculis
542 1210 664 1266 quasi
695 1211 748 1251 ad
782 1217 944 1252 sextam
978 1217 1138 1266 partem
1169 1226 1390 1266 compone,
1420 1216 1462 1251 et
1498 1210 1663 1266 penitus
1694 1225 1786 1251 eam

331 1294 461 1335 cupro
501 1278 740 1333 supradicto
779 1278 907 1334 imple
947 1285 989 1320 et
1029 1278 1283 1320 carbonibus
1324 1277 1505 1334 cooperi.
1569 1277 1787 1318 Interdum

331 1347 458 1390 etiam
479 1362 577 1388 cum
597 1347 712 1402 ligno
742 1347 885 1403 gracili
914 1352 956 1388 et
984 1361 1158 1388 recurvo
1190 1346 1395 1387 foramina
1414 1345 1584 1386 inferius
1604 1345 1789 1401 inpinge,

333 1429 386 1455 ne
419 1414 526 1456 forte
563 1414 845 1466 obstruantur,
880 1420 927 1455 ut
956 1420 999 1455 et
1028 1414 1178 1455 favillae
1210 1420 1363 1455 exeant
1390 1419 1622 1469 ventusque
1652 1413 1789 1468 magis

333 1482 603 1537 ingrediatur.
667 1481 778 1523 Cum
806 1497 904 1524 vero
935 1497 1109 1538 cuprum
1144 1481 1315 1523 omnino
1351 1482 1622 1538 liquefactum
1654 1482 1789 1532 fuerit,

333 1550 430 1590 tolle
448 1550 602 1591 ferrum
632 1550 800 1605 gracile,
822 1551 997 1606 longum
1028 1555 1070 1591 et
1099 1564 1286 1601 curvum,
1318 1550 1540 1606 ligneoque
1571 1550 1789 1590 manubrio

332 1617 522 1669 infixum,
543 1623 585 1659 et
614 1618 834 1674 diligenter
865 1632 1097 1669 commove,
1126 1623 1174 1658 ut
1203 1617 1413 1659 calamina
1442 1631 1573 1672 cupro
1594 1617 1789 1658 commis-

333 1690 489 1727 ceatur.
551 1685 710 1730 Postea
744 1691 886 1727 autem
926 1700 1022 1727 cum
1063 1685 1219 1741 forcipe
1253 1685 1381 1741 longo
1417 1685 1589 1725 vascula
1624 1684 1789 1739 singula

335 1753 547 1794 modicum
568 1754 686 1795 eleva
706 1759 747 1794 et
766 1769 788 1795 a
817 1754 920 1796 locis
951 1755 1035 1795 suis
1066 1754 1279 1811 paululum
1309 1767 1491 1804 remove,
1513 1767 1566 1793 ne
1587 1752 1694 1794 forte
1716 1752 1790 1793 lari

335 1819 588 1872 adhaereant,
619 1836 866 1877 rursumque
896 1821 938 1861 in
959 1821 1155 1865 omnibus
1183 1825 1231 1861 ut
1259 1820 1374 1877 prius
1394 1819 1645 1862 calaminam
1666 1834 1789 1877 pone,

335 1892 377 1927 et
412 1902 541 1942 cupro
576 1889 688 1944 reple
723 1895 849 1946 atque
888 1889 1139 1930 carbonibus
1174 1887 1356 1943 cooperi.
1418 1886 1613 1944 Cumque
1652 1888 1789 1933 denuo

336 1955 501 2009 penitus
541 1956 810 2014 liquefactum
855 1957 988 2008 fuerit,
1029 1971 1276 2012 rursumque
1315 1955 1632 2011 diligentissime
1673 1971 1790 1997 com-

336 2037 472 2075 move,
495 2029 536 2065 et
556 2039 652 2065 cum
683 2025 839 2081 forcipe
860 2039 934 2066 vas
963 2039 1093 2065 unum
1123 2023 1288 2075 eiciens,
1320 2023 1445 2064 sulcis
1475 2023 1518 2064 in
1538 2029 1647 2065 terra
1668 2024 1790 2065 fossis

328 2095 470 2147 *totum
495 2091 678 2144 effunde,
699 2107 857 2149 vasque
886 2092 930 2134 in
960 2107 1036 2133 suo
1066 2092 1161 2133 loco
1191 2105 1360 2147 repone.
1422 2090 1481 2131 Et
1500 2105 1601 2132 mox
1622 2106 1791 2132 sumens

337 2159 602 2212 calaminam,
623 2166 670 2201 ut
690 2161 803 2216 prius
823 2161 1005 2217 impone,
1027 2174 1285 2216 cuprumque
1306 2159 1420 2218 quod
1441 2157 1638 2211 effudisti,
1659 2174 1789 2219 quan·

337 2231 425 2266 tum
466 2241 614 2283 capere
655 2229 785 2283 possit
829 2243 1077 2287 superpone.
1139 2227 1290 2283 quue
1329 2232 1377 2267 ut
1417 2227 1529 2282 prius
1568 2227 1792 2286 liquefacto

337 2308 556 2335 commove
586 2301 628 2336 et
657 2292 907 2338 calaminam
937 2309 1105 2351 repone,
1135 2299 1263 2353 atque
1293 2293 1427 2335 effuso
1457 2309 1587 2350 cupro
1618 2295 1731 2350 reple
1751 2301 1793 2336 et

338 2360 427 2401 sine
446 2361 660 2418 liquefieri.
722 2362 791 2404 Sic
812 2363 987 2419 singulis
1007 2362 1118 2406 vasis
1138 2361 1278 2404 facito.
1340 2360 1535 2420 Cumque
1556 2376 1630 2417 per
1650 2363 1791 2403 omnia

339 2428 502 2483 penitus
537 2429 662 2471 fuerit
696 2430 965 2488 liquefactum
1003 2435 1130 2485 atque
1162 2428 1393 2469 diutissime
1428 2435 1699 2480 commotum,
1733 2431 1792 2471 ef-

338 2496 467 2537 funde
500 2501 546 2537 ut
576 2497 703 2552 priuS,
737 2503 779 2539 et
813 2512 932 2539 serva
965 2497 1100 2539 donec
1134 2511 1240 2552 opus
1269 2495 1480 2536 habueris.
1542 2496 1645 2536 Haec
1676 2511 1792 2537 com-

338 2563 488 2605 mixtio
510 2570 685 2605 vocatur
704 2579 775 2617 aes,
796 2565 908 2606 unde
934 2564 1129 2615 caldaria,
1150 2563 1307 2605 lebetes
1327 2569 1369 2604 et
1388 2564 1529 2619 pelves
1550 2563 1792 2615 funduntur,

338 2631 411 2673 sed
435 2646 519 2672 non
540 2637 678 2687 potest
706 2632 908 2684 deaurari,
929 2632 1099 2689 quando
1129 2637 1226 2672 ante
1253 2631 1595 2672 commixtionem
1616 2645 1790 2686 cuprum

340 2713 425 2739 non
447 2699 523 2740 fuit
552 2700 715 2755 penitus
735 2715 760 2740 a
781 2700 952 2756 plumbo
983 2705 1217 2756 purgatum.
1281 2698 1446 2746 Deinde
1477 2699 1662 2740 facturus
1684 2699 1791 2740 auri-

340 2767 515 2819 calcum,
537 2767 648 2823 quod
671 2768 804 2823 possit
823 2768 1025 2819 deaurari,
1047 2768 1105 2808 sic
1126 2767 1275 2823 incipe.

890 2869 898 2886 ¹
924 2871 943 2886 “
955 2868 1161 2907 canduerint,”
1176 2867 1248 2900 imb.
