1970 3202
239 229 322 268 248
713 242 966 270 THEOPHILI
1004 243 1142 269 LIBER
1174 242 1242 269 111.

237 341 280 380 in
301 340 400 381 illud
422 342 561 381 vivum
593 348 810 396 argentum
841 356 935 382 cum
968 356 1084 393 auro,
1116 348 1157 382 et
1187 342 1432 382 festinanter
1462 355 1557 381 cum
1579 341 1687 381 ferro

238 422 365 449 curvo
396 415 438 449 et
467 409 673 449 candente
704 409 804 449 frica
834 410 936 450 illud
967 417 1010 451 et
1039 411 1161 460 mole,
1183 410 1318 450 donec
1346 409 1447 449 nihil
1469 409 1623 449 sentias
1645 409 1687 448 in

235 477 419 527 vasculo,
451 476 529 517 nisi
559 477 803 528 humore1n;
836 493 1019 534 moxque
1049 478 1217 519 effunde
1245 478 1288 518 in
1308 492 1477 534 aquam.
1539 476 1688 531 EJecta

237 559 334 586 vero
356 544 466 600 aqua.
486 544 568 594 illa,
590 545 707 586 mitte
735 560 881 586 aurum
911 546 953 586 in
981 560 1153 586 manum
1176 545 1398 595 sinistram,
1420 551 1462 585 et
1481 545 1576 585 lava
1596 543 1686 584 dili-

236 619 394 666 genter,
425 612 607 667 probans
638 612 784 667 digito,
815 613 849 653 si
881 613 986 654 bene
1017 613 1205 654 molitum
1235 614 1313 664 sit3
1345 619 1386 653 et
1411 612 1445 653 si
1474 620 1550 664 est,
1578 626 1687 666 pone

237 694 360 735 super
379 695 563 735 pannum
596 680 748 720 lineum
781 681 996 730 mundum,
1028 686 1069 720 et
1093 680 1208 735 jacta
1238 680 1317 721 hac
1348 687 1390 720 et
1417 680 1525 731 illac,
1551 680 1686 720 donec

237 748 413 788 siccetur
434 762 557 803 aqua.

606 1145 916 1207 CAPUT
994 1144 1314 1207 XXXVI.

750 1304 858 1330 ITEM
890 1304 998 1331 ALIO
1030 1304 1171 1331 MODO.

344 1411 473 1455 UOD
507 1413 540 1453 si
572 1420 721 1454 natura
752 1415 839 1455 auri
868 1415 963 1455 talis
984 1421 1059 1465 est,
1078 1421 1124 1455 ut
1144 1414 1203 1456 sic
1231 1429 1315 1454 non
1344 1413 1480 1469 possis
1518 1413 1684 1463 molere,

381 1482 523 1536 accipe
557 1482 739 1537 lapidem
770 1483 989 1538 aequalem,
1021 1489 1064 1523 et
1092 1483 1135 1523 in
1164 1482 1302 1522 medio
1342 1482 1432 1536 ejus
1473 1481 1538 1521 fac
1572 1482 1682 1521 fora-

232 1564 328 1590 men
350 1549 566 1590 latitudine
581 1549 706 1590 trium
728 1550 954 1606 digitorum
971 1556 1013 1591 et
1033 1549 1154 1591 simili
1175 1549 1469 1605 profunditate.
1518 1549 1683 1589 Deinde

231 1631 334 1672 para
354 1617 429 1657 tibi
449 1617 630 1672 lapidem
659 1617 869 1659 duriorem
898 1618 982 1669 illo,
1009 1616 1069 1659 sic
1097 1618 1311 1673 gracilem,
1332 1623 1378 1657 ut
1397 1616 1530 1671 possit
1549 1616 1591 1656 in
1612 1616 1682 1657 illo

231 1684 435 1725 foramine
456 1686 656 1736 converti,
686 1693 729 1726 et
760 1687 818 1727 sic
848 1687 1035 1741 longum,
1058 1692 1104 1726 ut
1133 1685 1265 1740 possit
1293 1685 1336 1725 in
1360 1684 1519 1740 lignum
1548 1684 1620 1739 figi
1642 1690 1684 1724 et

231 1753 399 1803 firmari,
421 1754 535 1809 quod
561 1753 722 1809 lignum
747 1754 801 1794 sit
827 1753 1085 1809 longitudine
1106 1752 1229 1793 trium
1251 1752 1456 1801 ulnarum,
1478 1758 1533 1802 et,
1557 1750 1599 1790 in
1621 1750 1683 1790 in-

231 1820 368 1860 feriori
389 1827 519 1875 parte,
541 1821 581 1861 in
603 1836 686 1877 qua
708 1822 811 1876 lapis
825 1821 1067 1877 jungendus
1089 1827 1165 1870 est,
1187 1820 1240 1860 sit
1263 1818 1540 1874 grossitudine
1560 1818 1682 1859 unius

231 1888 370 1943 tybiae.
433 1892 565 1943 Super
585 1903 709 1945 quein
740 1880 947 1944 lapidem,
967 1888 1185 1929 altitudine
1215 1886 1374 1927 dimidii
1396 1886 1526 1941 pedis,
1547 1891 1682 1926 trans-

230 1956 387 1997 foretur
407 1957 544 2012 ipsum
566 1958 739 2012 lignum,
771 1956 836 1997 cui
859 1957 1061 2012 jungatur
1087 1955 1197 1996 aliud
1219 1953 1379 2010 lignum
1399 1961 1523 1994 tenue
1544 1953 1682 1993 latitu-

231 2024 326 2063 dine
347 2024 522 2064 duarum
544 2025 790 2079 palmarum,
811 2024 853 2064 in
875 2038 958 2079 quo
978 2023 1111 2064 cauda
1133 2024 1336 2078 fiat,·quae
1356 2021 1544 2062 foramen
1566 2020 1682 2075 longi

231 2091 330 2146 ligni
352 2099 625 2146 pertranseat,
647 2092 884 2147 superquod
906 2099 1030 2132 tenue
1050 2091 1210 2146 lignum
1226 2090 1377 2145 ligetur
1395 2088 1500 2143 lapis
1516 2088 1682 2142 magni-

230 2151 372 2198 tudine
393 2159 516 2198 unius
538 2159 667 2213 pedis,
690 2174 714 2199 a
735 2174 819 2214 quo
840 2159 977 2214 lapide
1006 2160 1080 2199 fiat
1101 2173 1265 2199 sursum
1286 2157 1445 2212 lignum
1466 2157 1619 2211 gracile
1640 2162 1682 2196 et

230 2225 407 2265 rotunde
429 2225 606 2266 incisum
622 2233 749 2281 atque
771 2227 956 2281 planum,
978 2227 1034 2267 ita
1049 2234 1095 2267 ut
1114 2227 1220 2266 inter
1241 2240 1389 2266 manus
1410 2224 1541 2280 possit
1556 2224 1678 2264 volvi.

233 2290 310 2330 His
331 2291 388 2330 ita
410 2291 652 2345 compositis
682 2307 792 2346 pone
818 2288 1024 2348 *majorem
1055 2294 1236 2350 lapidem
1267 2295 1310 2334 in
1340 2293 1506 2349 pelvim,
1532 2293 1617 2333 sive
1638 2292 1678 2333 in

231 2372 305 2397 vas
338 2357 520 2411 ligneum
552 2360 725 2414 aequale,
755 2366 797 2400 et
825 2361 917 2401 vide
947 2369 993 2401 ut
1022 2362 1126 2416 lapis
1157 2361 1329 2402 firmiter
1351 2361 1505 2416 jaceat,
1536 2367 1578 2401 et
1605 2375 1679 2401 vas

231 2424 402 2464 firmiter
424 2432 517 2465 stet.
579 2425 771 2482 Cumque
802 2442 948 2468 aurum
980 2443 1075 2468 cum
1098 2430 1190 2469 vivo
1221 2435 1396 2483 argento
1428 2428 1468 2467 in
1491 2428 1678 2468 foramen

231 2493 319 2546 ejus
352 2492 524 2544 miseris,
556 2500 598 2534 et
627 2494 819 2535 sabulum
850 2496 1027 2550 desuper
1053 2502 1179 2551 atque
1199 2510 1367 2551 aquam,
1387 2495 1555 2550 impone
1576 2495 1678 2550 lapi-

229 2562 325 2599 dem
357 2559 574 2611 minorem,
606 2561 678 2616 qui
707 2562 822 2618 ligno
845 2563 1017 2618 junctus
1047 2571 1123 2613 est,
1154 2570 1382 2618 tenensque
1407 2562 1448 2602 in
1479 2562 1675 2617 superiori

229 2634 345 2681 parte
366 2627 502 2681 ipsum
532 2627 707 2682 lignum,
739 2638 934 2671 converte
966 2630 1176 2671 modicum
1210 2631 1316 2670 inter
1337 2643 1485 2669 manus
1507 2635 1614 2679 tuas,
1636 2636 1678 2669 et

228 2709 327 2734 mox
349 2708 420 2748 per
450 2694 673 2749 impulsum
706 2696 812 2737 illius
844 2697 1004 2753 lapidis,
1037 2698 1105 2753 qui
1138 2697 1288 2752 ligatus
1313 2704 1376 2737 est
1396 2696 1577 2746 inferius,
1600 2696 1675 2736 cir-

225 2764 488 2813 cumferetur,
519 2762 659 2818 sicque
690 2764 1018 2806 circumferendo
1050 2765 1158 2805 mole
1188 2779 1261 2819 per
1290 2771 1468 2820 quatuor
1501 2763 1564 2803 vel
1594 2771 1675 2803 tres

210 2827 357 2880 limas.
420 2828 756 2884 Interdumyero
788 2831 955 2888 respice.
978 2838 1019 2873 et
1044 2831 1173 2888 proba
1194 2831 1339 2887 digito,
1361 2838 1403 2871 et
1423 2844 1584 2871 rursum
1608 2829 1672 2871 in-

1968 2103 1970 2114 ..
1952 1686 1970 2092 >md-amani
