1970 3202
286 266 373 307 330
757 279 1011 307 THEOPmLI
1043 278 1180 306 mmm
1211 278 1280 305 111.

286 378 403 419 limbi
423 379 597 433 graciles
619 384 662 420 et
692 379 872 430 latiores,
907 379 950 419 in
970 378 1122 435 quibus
1148 378 1234 419 sint
1253 378 1390 427 flores,
1423 376 1566 418 bestiae
1584 382 1628 418 et
1652 377 1739 418 avi-

286 446 405 496 culae,
436 445 523 487 sive
543 446 745 489 dracones
776 447 1039 488 concatenati
1067 446 1185 488 collis
1206 451 1249 487 et
1274 445 1433 496 caudis,
1464 449 1507 485 et
1525 459 1611 486 non
1632 445 1742 486 scul-

287 518 439 569 pantur
458 514 662 569 profunde
683 515 818 566 nimis,
849 516 924 556 sed
945 515 1208 556 mediocriter
1227 528 1276 555 ac
1297 513 1499 555 studiose.
1573 512 1740 554 Deinde

285 581 523 622 attenuabis
536 588 756 638 argentum
770 584 901 624 multo
915 583 1081 625 tenuius
1093 597 1222 638 quam
1235 582 1290 623 ad
1306 581 1556 623 elevandum
1571 585 1741 636 quantae

285 650 557 705 longitudinis
578 650 769 702 volueris,
783 656 908 707 atque
928 651 1129 706 purgabis
1149 665 1245 691 cum
1266 649 1518 691 carbonibus
1539 647 1743 690 subtiliter

285 717 407 768 tritis,
438 723 481 758 et
501 732 655 773 panno,
686 719 816 773 polies
848 733 943 759 cum
975 725 1091 760 creta
1120 718 1299 773 desuper
1328 717 1436 759 rasa..
1501 716 1599 766 Quo
1629 715 1740 756 facto

284 786 497 841 conjunge
532 793 752 841 argentum
781 786 1015 841 cuicunque
1043 786 1189 838 limbo,
1220 785 1520 842 suppositoque
1547 785 1655 826 ferro
1675 785 1741 824 in-

284 854 451 904 cudem,
466 853 526 894 ita
545 859 592 894 ut
613 854 827 909 sculptura
847 854 1035 910 superius
1057 853 1124 904 sit,
1143 867 1193 894 ac
1213 853 1474 908 superlocato
1495 852 1533 893 ei
1553 857 1741 908 argento,

283 921 463 977 desuper
492 936 602 977 pone
632 922 851 977 plumbum
883 921 1085 977 (spissum
1099 921 1127 972 ¹,
1164 920 1451 977 percutiesque
1481 935 1576 961 cum
1604 920 1741 961 maleo

287 989 457 1040 fortiter,
487 989 547 1030 ita
574 995 620 1030 ut
647 989 883 1045 plumbum)
915 989 1122 1045 impingat
1150 994 1372 1044 argentum
1399 994 1522 1029 tenue
1541 988 1585 1028 in
1605 988 1742 1043 sculp-

286 1064 419 1098 turam
449 1063 536 1098 tam
558 1057 708 1109 valide,
739 1063 788 1099 ut
807 1072 954 1098 omnes
981 1063 1139 1098 tractus
1159 1056 1203 1097 in
1225 1071 1276 1097 eo
1298 1056 1474 1111 pleniter
1499 1061 1740 1111 appareant.

285 1124 415 1174 Quod
437 1125 471 1166 si
498 1125 652 1166 lamina
684 1124 848 1181 longior
874 1124 1009 1176 fuerit,
1039 1125 1160 1166 trahe
1187 1139 1282 1166 eam
1314 1125 1481 1166 deloco
1508 1125 1562 1165 ad
1589 1124 1741 1173 locum,

286 1197 329 1234 et
348 1192 618 1248 conjunctam
641 1193 748 1233 ferro
773 1208 869 1234 cum
894 1193 1052 1248 forcipe
1073 1193 1288 1249 aequaliter
1313 1198 1423 1244 tene,
1454 1198 1502 1233 ut
1519 1207 1604 1233 una
1624 1199 1742 1247 parte

286 1260 498 1316 percussa,
530 1260 613 1301 alia
639 1260 906 1316 percutiatur,
940 1260 1082 1317 sicque
1108 1261 1185 1302 fiat
1211 1261 1345 1302 donec
1374 1260 1531 1301 lamina
1557 1266 1646 1301 tota
1666 1259 1742 1299 im-

285 1328 461 1384 pleatur.
521 1327 617 1369 Hoc
643 1343 749 1384 opus
777 1328 878 1370 satis
897 1328 996 1370 utile
1017 1334 1081 1370 est
1107 1329 1219 1370 circa
1246 1329 1397 1369 limbos
1425 1328 1467 1369 in
1487 1327 1742 1369 fabricandis

286 1395 439 1436 tabulis
459 1396 666 1447 altarium,
680 1396 723 1437 in
743 1396 985 1452 pulpitibus,
1001 1396 1044 1437 in
1063 1403 1302 1438 sanctorum
1325 1411 1546 1452 corporum
1568 1396 1742 1447 scriniis,

286 1462 330 1503 in
349 1462 463 1503 libris
480 1469 521 1504 et
541 1463 582 1503 in
600 1464 919 1520 quibuscunque
940 1465 1042 1506 locis
1064 1480 1170 1521 opus
1187 1465 1324 1517 fuerit,
1341 1465 1510 1521 quando
1530 1466 1743 1505 elevatura

286 1531 439 1572 decora
459 1536 523 1572 est
543 1537 585 1572 et
604 1532 779 1583 subtilis,
797 1538 839 1573 et
858 1532 1006 1573 leviter
1023 1533 1083 1573 fit.
1147 1532 1215 1574 Fit
1235 1533 1361 1574 etiam
1382 1533 1424 1572 in
1445 1547 1573 1588 cupro
1593 1532 1741 1588 hujus-

286 1598 402 1639 modi
423 1599 537 1655 quod
564 1599 687 1642 simili
707 1600 834 1641 modo
865 1605 1118 1652 attenuatur,
1144 1606 1347 1657 purgatur
1367 1607 1410 1642 et
1436 1601 1660 1642 deauratur
1679 1606 1742 1642 at-

287 1682 370 1724 que
396 1668 573 1723 politur;
604 1668 719 1724 quod
751 1668 860 1709 ferro
889 1668 1210 1724 superpositum,
1240 1669 1299 1710 ita
1319 1678 1367 1710 ut
1385 1669 1633 1710 deauratura
1653 1682 1742 1709 ver-

287 1741 398 1777 tatur
418 1736 472 1777 ad
493 1736 662 1787 ferrum,
682 1737 855 1792 plumbo
883 1736 1146 1793 superposito
1167 1737 1396 1792 percutitur
1425 1737 1560 1778 donec
1583 1742 1742 1777 tractus

287 1810 531 1860 appareant.
584 1804 795 1860 Sculpitur
808 1820 976 1861 quoque
990 1806 1035 1846 in
1050 1805 1173 1857 ferro,
1190 1805 1317 1847 modo
1331 1805 1583 1861 supradicto,
1599 1804 1741 1860 imago

284 1873 475 1914 crucifixi
496 1873 684 1924 Domini,
715 1887 809 1928 quae
830 1887 926 1914 cum
941 1879 1123 1929 'argento
1143 1874 1208 1914 vel
1229 1889 1358 1930 cupro
1385 1874 1586 1915 deaurato
1606 1873 1741 1929 inpin-

284 1941 411 1997 gitur,
433 1946 474 1982 et
494 1940 749 1982 fabricantur
778 1940 876 1982 inde
905 1941 1180 1997 phylacteria,
1201 1941 1245 1982 id
1275 1947 1339 1983 est
1363 1942 1555 1998 capsellae
1576 1941 1742 1998 reliqui-

287 2022 405 2049 arum
433 2013 475 2049 et
504 2008 699 2049 scriniola
730 2008 993 2050 Sanctorum.
1057 2008 1126 2050 Fit
1154 2009 1278 2051 etiam
1307 2010 1519 2066 sculptura
1546 2009 1742 2066 imaginis

286 2076 399 2132 Agni
432 2076 514 2117 Dei
534 2076 576 2116 in
608 2076 729 2128 ferro,
751 2082 793 2117 et
821 2076 1026 2132 imagines
1056 2083 1236 2133 quatuor
1265 2077 1629 2134 evangelistarum,
1651 2078 1742 2134 qui-

287 2142 366 2184 bus
394 2156 496 2184 auro
516 2142 580 2183 vel
600 2149 774 2198 argento
804 2143 1016 2199 impressis
1037 2150 1237 2186 ornantur
1257 2146 1403 2202 scyphi
1435 2146 1537 2202 ligni
1556 2146 1741 2202 pretiosi,

285 2215 426 2252 stante
456 2211 593 2252 rotula
623 2211 721 2266 agni
750 2211 794 2252 in
828 2212 967 2254 medio
1004 2213 1165 2269 scyphi,
1196 2219 1376 2269 quatuor
1404 2213 1670 2270 evangelistis
1697 2213 1739 2255 in

287 2278 462 2318 modum
484 2279 618 2319 crucis
638 2279 681 2318 in
702 2279 886 2331 circuitu,
908 2287 950 2321 et
976 2281 1507 2338 procedentibusquatuor
1526 2281 1665 2324 limbis
1686 2281 1740 2323 ab

288 2360 401 2402 agno
421 2361 555 2402 usque
585 2347 637 2387 ad
669 2353 848 2403 quatuor
873 2349 1174 2404 evangelistas:
1206 2350 1315 2390 fiunt
1333 2350 1537 2406 imagines
1561 2344 1739 2405 piscicu-

287 2415 423 2455 lorum
444 2419 485 2455 et
504 2414 645 2455 avium
675 2421 801 2471 atque
831 2416 1071 2468 bestiarum,
1102 2432 1196 2474 quae
1225 2418 1411 2472 figuntur
1441 2431 1515 2473 per
1534 2416 1740 2472 reliquum

287 2482 436 2538 scyphi
480 2497 689 2539 campum,
736 2483 968 2538 praebentes
1012 2491 1205 2526 ornatum
1249 2485 1440 2526 multum.
1506 2484 1575 2525 Fit
1613 2484 1739 2525 etiar‘n

287 2550 430 2606 imago
452 2549 693 2607 Majestatis
722 2551 870 2593 eodem
901 2552 1043 2604 modo,
1065 2552 1239 2608 aliaeque
1267 2552 1486 2609 imagineS‚
1519 2553 1740 2609 cujuscun-

721 2673 729 2692 ¹
753 2674 947 2714 addidimus,
961 2685 996 2706 ex
1013 2675 1086 2707 Cod.
1104 2676 1236 2717 Gaoelplz.
