1970 3202
301 259 381 299 150
745 271 997 299 THEOPHILI
1031 271 1167 298 LIBER
1199 272 1247 299 11.

296 370 474 412 exterius
496 371 732 412 rotundum.
796 371 960 411 Deinde
992 370 1201 411 ordinabis
1229 369 1312 410 duo
1334 369 1454 423 signa
1475 367 1647 423 parvula
1667 382 1739 407 ex-

294 437 420 478 terius
441 438 483 477 in
503 443 677 494 utraque
704 437 916 494 utriusque
944 438 1044 492 ligni
1071 438 1219 489 fronte,
1241 435 1469 478 secundum
1490 434 1604 491 quod
1626 435 1741 475 volu-

295 504 373 545 eris
395 505 601 545 calamum
621 505 752 545 latum
777 519 867 545 esse
893 505 936 544 in
962 505 1113 556 medio,
1135 503 1428 559 accipiensque
1449 503 1566 543 filum
1586 502 1740 542 lineum

293 576 493 612 retortum
515 578 556 612 et
576 572 742 627 gracile,
773 572 964 613 madefac
993 572 1091 612 illud
1117 572 1159 612 in
1180 571 1309 612 rubeo
1330 572 1482 622 colore,
1504 570 1741 626 disjunctis-

294 652 375 692 que
395 638 531 694 lignis,
553 653 676 694 super
695 653 822 679 unam
842 644 1002 694 partem
1030 639 1200 679 interius
1221 652 1385 693 appone
1405 638 1542 693 ipsum
1563 638 1693 687 filum,
1715 652 1739 678 a

293 703 414 759 signo
439 706 553 760 quod
575 706 756 746 incidisti
777 706 977 761 superius,
998 721 1131 762 usque
1151 706 1204 746 ad
1227 706 1392 760 signum
1414 706 1596 757 inferius,
1617 706 1675 746 ita
1696 712 1741 747 ut

293 771 465 813 firmiter
492 773 753 824 extendatur,
785 783 826 814 et
852 773 1086 829 adjungens
1113 773 1171 813 illi
1198 773 1374 813 alterum
1402 773 1562 828 lignum
1583 773 1741 814 fortiter

293 839 533 894 comprime,
563 840 621 880 ita
649 845 696 880 ut
726 855 821 881 cum
851 840 1104 895 separaveris
1132 840 1246 880 color
1272 840 1314 880 in
1343 839 1526 895 utrisque
1554 840 1740 894 partibus

292 912 503 959 appareat.
565 906 844 962 Ejectumque
888 908 1004 947 filum
1045 913 1086 948 et
1133 921 1296 948 rursum
1341 907 1478 947 colore
1524 907 1739 947 madidum

292 973 416 1027 affige
436 973 480 1013 in
500 974 675 1014 alterum
699 974 880 1030 signum,
902 974 1133 1029 iterumque
1163 988 1285 1028 super
1312 987 1421 1027 pone
1447 972 1558 1013 aliud
1580 973 1739 1028 lignum

290 1045 332 1079 et
352 1040 592 1095 comprime.
655 1040 847 1097 Cumque
874 1041 917 1081 in
938 1041 1124 1096 utrisque
1148 1040 1335 1096 partibus
1356 1040 1470 1080 color
1491 1040 1739 1095 apparuerit,

289 1106 426 1148 incide
453 1108 619 1149 cultello
647 1109 868 1159 calamum,
897 1122 1024 1164 quam
1051 1108 1182 1148 latum
1211 1113 1252 1148 et
1273 1107 1528 1162 profundum
1550 1108 1740 1158 volueris,

289 1173 348 1214 sic
368 1180 509 1215 tamen
529 1180 576 1216 ut
595 1175 774 1216 incisura
795 1176 922 1216 finem
948 1189 1034 1216 non
1055 1180 1328 1230 pertranseat,
1350 1175 1423 1216 sed
1445 1174 1647 1230 superius,
1668 1175 1740 1215 ubi

287 1240 449 1282 infundi
478 1243 616 1294 debet,
648 1243 836 1284 foramen
871 1242 1037 1284 habeat.
1101 1241 1198 1290 Quo
1230 1241 1341 1283 facto
1372 1242 1487 1297 ligna
1517 1242 1739 1297 conjunge,

287 1308 423 1364 ligans
450 1325 544 1351 cum
574 1310 749 1366 corrigia
772 1325 797 1351 a
817 1324 981 1351 summo
1010 1324 1142 1365 usque
1170 1309 1379 1361 deorsum,
1406 1315 1449 1350 et
1474 1314 1621 1350 tenens
1642 1324 1737 1351 cum

287 1375 403 1430 ligno
437 1377 609 1418 infunde
649 1378 881 1433 plumbum,
922 1378 1140 1431 solutaque
1179 1376 1358 1431 corrigia
1395 1376 1481 1417 eice
1517 1377 1737 1419 calamum.

290 1443 557 1500 Rursumque
590 1445 727 1500 ligans
758 1450 800 1485 et
830 1444 1067 1495 infundens,
1098 1444 1178 1485 hoc
1209 1450 1298 1484 tam
1328 1444 1399 1484 diu
1430 1443 1571 1495 facies,
1603 1444 1738 1486 donec

287 1516 431 1552 ustura
469 1526 602 1568 usque
641 1512 695 1553 ad
736 1513 863 1553 finem
904 1511 1093 1553 incisurae
1131 1511 1345 1566 perveniat
1359 1527 1370 1562 ;
1412 1510 1553 1566 sicque
1592 1517 1739 1566 postea

286 1578 442 1630 leviter,
463 1580 628 1636 quoties
649 1584 690 1619 et
716 1584 919 1635 quantum
939 1578 1118 1620 volueris
1138 1578 1355 1619 infundere
1376 1578 1544 1633 poteris.
1606 1577 1738 1619 Cum-

286 1661 367 1702 que
397 1647 473 1688 tibi
502 1647 690 1688 sufficere
717 1647 901 1687 calamos
922 1645 1086 1697 videris,
1121 1646 1259 1686 incide
1288 1645 1445 1701 lignum
1478 1645 1643 1686 duobus
1674 1645 1736 1686 di-

287 1715 383 1770 gitis
402 1716 532 1756 latum
553 1720 595 1755 et
614 1721 701 1755 tam
722 1714 902 1770 spissum
923 1713 1030 1754 sicut
1050 1714 1236 1754 calamus
1257 1718 1320 1754 est
1339 1712 1522 1764 interius,
1544 1712 1736 1754 dividens

285 1782 386 1823 illud
411 1783 454 1823 in
482 1782 618 1823 medio
645 1781 718 1833 ita,
746 1786 793 1822 ut
819 1781 861 1822 in
889 1796 976 1822 una
1003 1781 1140 1822 fronte
1168 1781 1375 1836 integrum
1404 1780 1456 1820 sit
1483 1785 1524 1820 et
1543 1779 1585 1820 in
1606 1781 1736 1821 altera

287 1849 460 1890 incisum
481 1850 552 1890 ubi
573 1850 757 1890 calamus
783 1849 996 1901 inferatur.
1058 1848 1198 1896 Quem
1218 1848 1462 1903 impositum
1482 1848 1617 1889 incide
1638 1863 1734 1889 cum

285 1917 449 1958 cultello
471 1931 523 1958 ex
544 1922 718 1972 utraque
739 1922 868 1971 parte,
891 1921 933 1956 et
953 1916 1076 1971 plana
1097 1921 1138 1956 et
1159 1915 1257 1956 rade
1279 1915 1385 1956 sicut
1405 1916 1617 1971 placuerit.

652 2304 969 2386 CAPUT
1046 2324 1355 2386 xxvii

410 2470 470 2497 DE
500 2469 838 2498 CONJUNGENDIS
870 2470 925 2497 ΕΤ
955 2469 1316 2498 CONSOLIDANDIS
1348 2470 1602 2498 FENESTRIS.

286 2569 456 2669 HIS
486 2570 544 2611 ita
579 2570 819 2625 compositis
851 2570 992 2626 accipe
1023 2575 1218 2625 stagnum
1255 2584 1403 2625 purum
1433 2576 1475 2610 et
1504 2571 1729 2611 commisce

449 2637 485 2677 ei
524 2637 712 2693 quintam
746 2643 907 2694 partem
946 2637 1117 2692 plumbi,
1158 2643 1200 2678 et
1238 2637 1367 2678 funde
1406 2636 1449 2676 in
1489 2638 1728 2692 supradicto

280 2706 387 2746 ferro
408 2705 494 2746 sive
520 2705 634 2760 ligno
658 2711 762 2762 quot
788 2707 971 2747 calamos
991 2706 1168 2747 volueris
1190 2720 1286 2746 cum
1313 2705 1463 2761 quibus
1484 2720 1590 2760 opus
1609 2711 1727 2746 tuum

280 2773 490 2814 solidabis.
557 2773 729 2814 Habeas
769 2788 934 2829 quoque
975 2774 1115 2814 clavos
1156 2772 1433 2829 quadraginta
1468 2773 1728 2827 longitudine

252 2840 401 2881 vunius
433 2840 564 2895 digiti,
600 2841 671 2896 qui
706 2840 788 2882 sint
821 2841 864 2882 in
900 2856 983 2882 uno
1017 2841 1151 2896 capite
1187 2840 1361 2896 graciles
1397 2845 1438 2880 et
1470 2840 1650 2891 rotundi,
1684 2840 1726 2880 in
