<?xml version="1.0" encoding="UTF-8"?>
<!DOCTYPE html PUBLIC "-//W3C//DTD XHTML 1.0 Transitional//EN"
    "http://www.w3.org/TR/xhtml1/DTD/xhtml1-transitional.dtd">
<html xmlns="http://www.w3.org/1999/xhtml" xml:lang="en" lang="en">
 <head>
  <title>
</title>
<meta http-equiv="Content-Type" content="text/html;charset=utf-8" />
  <meta name='ocr-system' content='tesseract 3.04.00' />
  <meta name='ocr-capabilities' content='ocr_page ocr_carea ocr_par ocr_line ocrx_word'/>
</head>
<body>
  <div class='ocr_page' id='page_1' title='image "./theophiliquietru00theouoft_0334.png"; bbox 0 0 1970 3202; ppageno 0'>
   <div class='ocr_carea' id='block_1_1' title="bbox 262 257 1259 300">
    <p class='ocr_par' dir='ltr' id='par_1_1' title="bbox 262 257 1259 300">
     <span class='ocr_line' id='line_1_1' title="bbox 262 257 1259 300; baseline 0.001 -2"><span class='ocrx_word' id='word_1_1' title='bbox 262 257 346 298; x_wconf 83' lang='lat'>264</span> <span class='ocrx_word' id='word_1_2' title='bbox 739 271 988 299; x_wconf 68' lang='lat' dir='ltr'>&#39;rm-:omnm</span> <span class='ocrx_word' id='word_1_3' title='bbox 1020 272 1159 299; x_wconf 84' lang='lat' dir='ltr'>LIBER</span> <span class='ocrx_word' id='word_1_4' title='bbox 1190 273 1259 300; x_wconf 94' lang='lat'>111.</span> 
     </span>
    </p>
   </div>
   <div class='ocr_carea' id='block_1_2' title="bbox 263 371 1719 626">
    <p class='ocr_par' dir='ltr' id='par_1_2' title="bbox 263 371 1719 626">
     <span class='ocr_line' id='line_1_2' title="bbox 263 371 1717 429; baseline 0.001 -18"><span class='ocrx_word' id='word_1_5' title='bbox 263 385 358 411; x_wconf 89' lang='lat' dir='ltr'>cum</span> <span class='ocrx_word' id='word_1_6' title='bbox 393 371 616 412; x_wconf 84' lang='lat' dir='ltr'>deauratur</span> <span class='ocrx_word' id='word_1_7' title='bbox 651 377 694 412; x_wconf 93' lang='lat' dir='ltr'>et</span> <span class='ocrx_word' id='word_1_8' title='bbox 728 386 852 426; x_wconf 87' lang='lat' dir='ltr'>super</span> <span class='ocrx_word' id='word_1_9' title='bbox 885 371 1029 427; x_wconf 84' lang='lat' dir='ltr'>ignem</span> <span class='ocrx_word' id='word_1_10' title='bbox 1049 373 1287 429; x_wconf 88' lang='lat' dir='ltr'>frequenter</span> <span class='ocrx_word' id='word_1_11' title='bbox 1316 378 1359 414; x_wconf 95' lang='lat' dir='ltr'>et</span> <span class='ocrx_word' id='word_1_12' title='bbox 1385 372 1457 413; x_wconf 90' lang='lat' dir='ltr'>diu</span> <span class='ocrx_word' id='word_1_13' title='bbox 1490 373 1717 425; x_wconf 85' lang='lat' dir='ltr'>coloratur,</span> 
     </span>
     <span class='ocr_line' id='line_1_3' title="bbox 263 439 1718 497; baseline 0.002 -18"><span class='ocrx_word' id='word_1_14' title='bbox 263 439 477 480; x_wconf 84' lang='lat' dir='ltr'>elevantur</span> <span class='ocrx_word' id='word_1_15' title='bbox 506 454 580 495; x_wconf 92' lang='lat' dir='ltr'>per</span> <span class='ocrx_word' id='word_1_16' title='bbox 599 440 691 481; x_wconf 88' lang='lat' dir='ltr'>loca</span> <span class='ocrx_word' id='word_1_17' title='bbox 724 440 895 481; x_wconf 87' lang='lat' dir='ltr'>subtiles</span> <span class='ocrx_word' id='word_1_18' title='bbox 923 440 1087 491; x_wconf 83' lang='lat' dir='ltr'>vesicae,</span> <span class='ocrx_word' id='word_1_19' title='bbox 1109 455 1203 496; x_wconf 84' lang='lat' dir='ltr'>quae</span> <span class='ocrx_word' id='word_1_20' title='bbox 1235 455 1333 482; x_wconf 88' lang='lat' dir='ltr'>cum</span> <span class='ocrx_word' id='word_1_21' title='bbox 1363 441 1613 497; x_wconf 83' lang='lat' dir='ltr'>franguntur</span> <span class='ocrx_word' id='word_1_22' title='bbox 1642 455 1718 496; x_wconf 86' lang='lat' dir='ltr'>ap-</span> 
     </span>
     <span class='ocr_line' id='line_1_4' title="bbox 264 507 1719 564; baseline 0 -17"><span class='ocrx_word' id='word_1_23' title='bbox 264 512 383 560; x_wconf 88' lang='lat' dir='ltr'>paret</span> <span class='ocrx_word' id='word_1_24' title='bbox 402 513 638 562; x_wconf 85' lang='lat' dir='ltr'>argentum,</span> <span class='ocrx_word' id='word_1_25' title='bbox 660 514 702 548; x_wconf 94' lang='lat' dir='ltr'>et</span> <span class='ocrx_word' id='word_1_26' title='bbox 722 522 827 563; x_wconf 87' lang='lat' dir='ltr'>opus</span> <span class='ocrx_word' id='word_1_27' title='bbox 848 508 1105 563; x_wconf 80' lang='lat' dir='ltr'><strong>deturpatur,</strong></span> <span class='ocrx_word' id='word_1_28' title='bbox 1127 523 1204 549; x_wconf 91' lang='lat' dir='ltr'>nec</span> <span class='ocrx_word' id='word_1_29' title='bbox 1235 514 1376 564; x_wconf 86' lang='lat' dir='ltr'>potest</span> <span class='ocrx_word' id='word_1_30' title='bbox 1404 508 1620 550; x_wconf 88' lang='lat' dir='ltr'>emendari</span> <span class='ocrx_word' id='word_1_31' title='bbox 1639 507 1719 548; x_wconf 88' lang='lat' dir='ltr'>nisi</span> 
     </span>
     <span class='ocr_line' id='line_1_5' title="bbox 263 574 1411 626; baseline 0.003 -12"><span class='ocrx_word' id='word_1_32' title='bbox 263 574 514 615; x_wconf 81' lang='lat' dir='ltr'>deauratura</span> <span class='ocrx_word' id='word_1_33' title='bbox 534 574 706 616; x_wconf 91' lang='lat' dir='ltr'>omnino</span> <span class='ocrx_word' id='word_1_34' title='bbox 727 575 936 626; x_wconf 85' lang='lat' dir='ltr'>eradatur,</span> <span class='ocrx_word' id='word_1_35' title='bbox 958 580 1001 616; x_wconf 92' lang='lat' dir='ltr'>et</span> <span class='ocrx_word' id='word_1_36' title='bbox 1020 575 1158 618; x_wconf 79' lang='lat' dir='ltr'>denuo</span> <span class='ocrx_word' id='word_1_37' title='bbox 1179 576 1411 618; x_wconf 88' lang='lat' dir='ltr'>deauretur.</span> 
     </span>
    </p>
   </div>
   <div class='ocr_carea' id='block_1_3' title="bbox 663 895 1328 959">
    <p class='ocr_par' dir='ltr' id='par_1_3' title="bbox 663 895 1328 959">
     <span class='ocr_line' id='line_1_6' title="bbox 663 895 1328 959; baseline 0 -1"><span class='ocrx_word' id='word_1_38' title='bbox 663 896 987 959; x_wconf 86' lang='lat' dir='ltr'><strong>CAPUT</strong></span> <span class='ocrx_word' id='word_1_39' title='bbox 1067 895 1328 959; x_wconf 86' lang='lat' dir='ltr'>XLVL</span> 
     </span>
    </p>
   </div>
   <div class='ocr_carea' id='block_1_4' title="bbox 651 1041 1326 1083">
    <p class='ocr_par' dir='ltr' id='par_1_4' title="bbox 651 1041 1326 1083">
     <span class='ocr_line' id='line_1_7' title="bbox 651 1041 1326 1083; baseline 0.001 -1"><span class='ocrx_word' id='word_1_40' title='bbox 651 1055 713 1082; x_wconf 90' lang='lat' dir='ltr'>DE</span> <span class='ocrx_word' id='word_1_41' title='bbox 742 1054 866 1083; x_wconf 82' lang='lat' dir='ltr'><strong>AURO</strong></span> <span class='ocrx_word' id='word_1_42' title='bbox 897 1055 1057 1082; x_wconf 81' lang='lat' dir='ltr'><strong>TERRAE</strong></span> <span class='ocrx_word' id='word_1_43' title='bbox 1086 1041 1326 1083; x_wconf 47' lang='lat' dir='ltr'>EVILATHR</span> 
     </span>
    </p>
   </div>
   <div class='ocr_carea' id='block_1_5' title="bbox 263 1153 1721 1480">
    <p class='ocr_par' dir='ltr' id='par_1_5' title="bbox 263 1153 1721 1480">
     <span class='ocr_line' id='line_1_8' title="bbox 381 1153 1721 1211; baseline 0 -15"><span class='ocrx_word' id='word_1_44' title='bbox 381 1153 490 1196; x_wconf 87' lang='lat' dir='ltr'>URI</span> <span class='ocrx_word' id='word_1_45' title='bbox 513 1155 647 1196; x_wconf 90' lang='lat' dir='ltr'>multa</span> <span class='ocrx_word' id='word_1_46' title='bbox 666 1159 764 1195; x_wconf 86' lang='lat' dir='ltr'>sunt</span> <span class='ocrx_word' id='word_1_47' title='bbox 783 1168 951 1209; x_wconf 86' lang='lat' dir='ltr'>genera,</span> <span class='ocrx_word' id='word_1_48' title='bbox 964 1169 1016 1195; x_wconf 90' lang='lat' dir='ltr'>ex</span> <span class='ocrx_word' id='word_1_49' title='bbox 1032 1155 1186 1211; x_wconf 89' lang='lat' dir='ltr'>quibus</span> <span class='ocrx_word' id='word_1_50' title='bbox 1206 1154 1461 1211; x_wconf 75' lang='lat' dir='ltr'>praecipuum</span> <span class='ocrx_word' id='word_1_51' title='bbox 1478 1155 1663 1196; x_wconf 87' lang='lat' dir='ltr'>nascitur</span> <span class='ocrx_word' id='word_1_52' title='bbox 1678 1155 1721 1196; x_wconf 90' lang='lat' dir='ltr'>in</span> 
     </span>
     <span class='ocr_line' id='line_1_9' title="bbox 407 1221 1720 1277; baseline -0.001 -13"><span class='ocrx_word' id='word_1_53' title='bbox 407 1228 518 1264; x_wconf 89' lang='lat' dir='ltr'>terra</span> <span class='ocrx_word' id='word_1_54' title='bbox 554 1221 738 1273; x_wconf 82' lang='lat' dir='ltr'>Evilath,</span> <span class='ocrx_word' id='word_1_55' title='bbox 760 1236 888 1277; x_wconf 91' lang='lat' dir='ltr'>quam</span> <span class='ocrx_word' id='word_1_56' title='bbox 923 1221 1109 1263; x_wconf 84' lang='lat' dir='ltr'>Phison²</span> <span class='ocrx_word' id='word_1_57' title='bbox 1136 1221 1290 1263; x_wconf 88' lang='lat' dir='ltr'>fluvius</span> <span class='ocrx_word' id='word_1_58' title='bbox 1311 1223 1457 1264; x_wconf 83' lang='lat' dir='ltr'>circuit</span> <span class='ocrx_word' id='word_1_59' title='bbox 1488 1223 1720 1264; x_wconf 88' lang='lat' dir='ltr'>secundum</span> 
     </span>
     <span class='ocr_line' id='line_1_10' title="bbox 266 1289 1720 1346; baseline -0.001 -14"><span class='ocrx_word' id='word_1_60' title='bbox 266 1290 480 1332; x_wconf 86' lang='lat' dir='ltr'>Genesim.</span> <span class='ocrx_word' id='word_1_61' title='bbox 541 1289 673 1346; x_wconf 86' lang='lat' dir='ltr'>Cujus</span> <span class='ocrx_word' id='word_1_62' title='bbox 704 1304 846 1341; x_wconf 82' lang='lat' dir='ltr'>venas,</span> <span class='ocrx_word' id='word_1_63' title='bbox 868 1304 966 1330; x_wconf 90' lang='lat' dir='ltr'>cum</span> <span class='ocrx_word' id='word_1_64' title='bbox 987 1289 1066 1330; x_wconf 88' lang='lat' dir='ltr'>sub</span> <span class='ocrx_word' id='word_1_65' title='bbox 1095 1295 1207 1331; x_wconf 88' lang='lat' dir='ltr'>terra</span> <span class='ocrx_word' id='word_1_66' title='bbox 1236 1290 1469 1331; x_wconf 89' lang='lat' dir='ltr'>invenerint</span> <span class='ocrx_word' id='word_1_67' title='bbox 1488 1290 1565 1331; x_wconf 89' lang='lat' dir='ltr'>viri</span> <span class='ocrx_word' id='word_1_68' title='bbox 1594 1289 1720 1346; x_wconf 88' lang='lat' dir='ltr'>hujus</span> 
     </span>
     <span class='ocr_line' id='line_1_11' title="bbox 264 1356 1720 1414; baseline -0.001 -15"><span class='ocrx_word' id='word_1_69' title='bbox 264 1359 364 1399; x_wconf 87' lang='lat' dir='ltr'>artis</span> <span class='ocrx_word' id='word_1_70' title='bbox 385 1358 521 1413; x_wconf 86' lang='lat' dir='ltr'>periti,</span> <span class='ocrx_word' id='word_1_71' title='bbox 542 1357 763 1409; x_wconf 87' lang='lat' dir='ltr'>effodiunt,</span> <span class='ocrx_word' id='word_1_72' title='bbox 785 1362 828 1398; x_wconf 92' lang='lat' dir='ltr'>et</span> <span class='ocrx_word' id='word_1_73' title='bbox 856 1357 954 1412; x_wconf 84' lang='lat' dir='ltr'>igne</span> <span class='ocrx_word' id='word_1_74' title='bbox 985 1357 1253 1413; x_wconf 90' lang='lat' dir='ltr'>purificatum</span> <span class='ocrx_word' id='word_1_75' title='bbox 1275 1363 1403 1414; x_wconf 89' lang='lat' dir='ltr'>atque</span> <span class='ocrx_word' id='word_1_76' title='bbox 1423 1356 1590 1399; x_wconf 91' lang='lat' dir='ltr'>camino</span> <span class='ocrx_word' id='word_1_77' title='bbox 1620 1371 1720 1412; x_wconf 89' lang='lat' dir='ltr'>pro-</span> 
     </span>
     <span class='ocr_line' id='line_1_12' title="bbox 263 1424 943 1480; baseline -0.003 -13"><span class='ocrx_word' id='word_1_78' title='bbox 263 1426 410 1467; x_wconf 92' lang='lat' dir='ltr'>batum</span> <span class='ocrx_word' id='word_1_79' title='bbox 429 1426 473 1466; x_wconf 92' lang='lat' dir='ltr'>in</span> <span class='ocrx_word' id='word_1_80' title='bbox 493 1439 595 1467; x_wconf 87' lang='lat' dir='ltr'>usus</span> <span class='ocrx_word' id='word_1_81' title='bbox 616 1439 715 1466; x_wconf 85' lang='lat' dir='ltr'>suos</span> <span class='ocrx_word' id='word_1_82' title='bbox 736 1424 943 1480; x_wconf 83' lang='lat' dir='ltr'>redigunt.</span> 
     </span>
    </p>
   </div>
   <div class='ocr_carea' id='block_1_6' title="bbox 642 1719 1352 1784">
    <p class='ocr_par' dir='ltr' id='par_1_6' title="bbox 642 1719 1352 1784">
     <span class='ocr_line' id='line_1_13' title="bbox 642 1719 1352 1784; baseline -0.004 0"><span class='ocrx_word' id='word_1_83' title='bbox 642 1720 962 1784; x_wconf 87' lang='lat' dir='ltr'><strong>CAPUT</strong></span> <span class='ocrx_word' id='word_1_84' title='bbox 1048 1719 1352 1782; x_wconf 85' lang='lat' dir='ltr'><strong>XLVIL</strong></span> 
     </span>
    </p>
   </div>
   <div class='ocr_carea' id='block_1_7' title="bbox 764 1871 1221 1902">
    <p class='ocr_par' dir='ltr' id='par_1_7' title="bbox 764 1871 1221 1902">
     <span class='ocr_line' id='line_1_14' title="bbox 764 1871 1221 1902; baseline -0.007 0"><span class='ocrx_word' id='word_1_85' title='bbox 764 1874 824 1902; x_wconf 87' lang='lat' dir='ltr'>DE</span> <span class='ocrx_word' id='word_1_86' title='bbox 854 1873 976 1901; x_wconf 81' lang='lat' dir='ltr'>AURO</span> <span class='ocrx_word' id='word_1_87' title='bbox 1005 1871 1221 1900; x_wconf 82' lang='lat' dir='ltr'>ARABICO.</span> 
     </span>
    </p>
   </div>
   <div class='ocr_carea' id='block_1_8' title="bbox 266 1969 1722 2419">
    <p class='ocr_par' dir='ltr' id='par_1_8' title="bbox 266 1969 1722 2419">
     <span class='ocr_line' id='line_1_15' title="bbox 370 1969 1720 2026; baseline -0.001 -9"><span class='ocrx_word' id='word_1_88' title='bbox 370 1974 436 2016; x_wconf 84' lang='lat' dir='ltr'>ST</span> <span class='ocrx_word' id='word_1_89' title='bbox 463 1981 505 2017; x_wconf 92' lang='lat' dir='ltr'>et</span> <span class='ocrx_word' id='word_1_90' title='bbox 525 1989 672 2016; x_wconf 88' lang='lat' dir='ltr'>aurum</span> <span class='ocrx_word' id='word_1_91' title='bbox 693 1972 923 2013; x_wconf 87' lang='lat' dir='ltr'>Arabicum</span> <span class='ocrx_word' id='word_1_92' title='bbox 943 1969 1293 2026; x_wconf 85' lang='lat' dir='ltr'>pretiosissimum</span> <span class='ocrx_word' id='word_1_93' title='bbox 1314 1976 1357 2011; x_wconf 90' lang='lat' dir='ltr'>et</span> <span class='ocrx_word' id='word_1_94' title='bbox 1383 1970 1524 2012; x_wconf 84' lang='lat' dir='ltr'>eximii</span> <span class='ocrx_word' id='word_1_95' title='bbox 1545 1973 1720 2026; x_wconf 86' lang='lat' dir='ltr'>ruboris,</span> 
     </span>
     <span class='ocr_line' id='line_1_16' title="bbox 398 2036 1720 2097; baseline -0.002 -13"><span class='ocrx_word' id='word_1_96' title='bbox 398 2042 517 2097; x_wconf 85' lang='lat' dir='ltr'>cujus</span> <span class='ocrx_word' id='word_1_97' title='bbox 553 2055 653 2082; x_wconf 89' lang='lat' dir='ltr'>usus</span> <span class='ocrx_word' id='word_1_98' title='bbox 686 2040 729 2080; x_wconf 91' lang='lat' dir='ltr'>in</span> <span class='ocrx_word' id='word_1_99' title='bbox 764 2037 1065 2095; x_wconf 85' lang='lat' dir='ltr'>antiquissimis</span> <span class='ocrx_word' id='word_1_100' title='bbox 1101 2036 1213 2077; x_wconf 86' lang='lat' dir='ltr'>vasis</span> <span class='ocrx_word' id='word_1_101' title='bbox 1240 2036 1479 2093; x_wconf 85' lang='lat' dir='ltr'>frequenter</span> <span class='ocrx_word' id='word_1_102' title='bbox 1506 2041 1720 2095; x_wconf 84' lang='lat' dir='ltr'>reperitur,</span> 
     </span>
     <span class='ocr_line' id='line_1_17' title="bbox 266 2103 1721 2166; baseline -0.001 -15"><span class='ocrx_word' id='word_1_103' title='bbox 266 2111 385 2166; x_wconf 86' lang='lat' dir='ltr'>cujus</span> <span class='ocrx_word' id='word_1_104' title='bbox 407 2109 588 2165; x_wconf 88' lang='lat' dir='ltr'>speciem</span> <span class='ocrx_word' id='word_1_105' title='bbox 609 2107 800 2149; x_wconf 90' lang='lat' dir='ltr'>moderni</span> <span class='ocrx_word' id='word_1_106' title='bbox 822 2105 999 2161; x_wconf 86' lang='lat' dir='ltr'>operarii</span> <span class='ocrx_word' id='word_1_107' title='bbox 1015 2103 1296 2156; x_wconf 78' lang='lat' dir='ltr'>mixtiuntur³‚</span> <span class='ocrx_word' id='word_1_108' title='bbox 1326 2105 1427 2145; x_wconf 90' lang='lat' dir='ltr'>dum</span> <span class='ocrx_word' id='word_1_109' title='bbox 1442 2106 1597 2161; x_wconf 87' lang='lat' dir='ltr'>pallido</span> <span class='ocrx_word' id='word_1_110' title='bbox 1618 2122 1721 2150; x_wconf 90' lang='lat' dir='ltr'>auro</span> 
     </span>
     <span class='ocr_line' id='line_1_18' title="bbox 266 2173 1722 2233; baseline -0.001 -16"><span class='ocrx_word' id='word_1_111' title='bbox 266 2178 458 2233; x_wconf 90' lang='lat' dir='ltr'>quintam</span> <span class='ocrx_word' id='word_1_112' title='bbox 491 2182 652 2231; x_wconf 88' lang='lat' dir='ltr'>partem</span> <span class='ocrx_word' id='word_1_113' title='bbox 674 2174 790 2216; x_wconf 88' lang='lat' dir='ltr'>rubei</span> <span class='ocrx_word' id='word_1_114' title='bbox 811 2173 926 2229; x_wconf 90' lang='lat' dir='ltr'>cupri</span> <span class='ocrx_word' id='word_1_115' title='bbox 947 2173 1122 2223; x_wconf 91' lang='lat' dir='ltr'>addunt,</span> <span class='ocrx_word' id='word_1_116' title='bbox 1158 2178 1201 2214; x_wconf 90' lang='lat' dir='ltr'>et</span> <span class='ocrx_word' id='word_1_117' title='bbox 1220 2173 1376 2214; x_wconf 89' lang='lat' dir='ltr'>multos</span> <span class='ocrx_word' id='word_1_118' title='bbox 1396 2173 1590 2215; x_wconf 88' lang='lat' dir='ltr'>incautos</span> <span class='ocrx_word' id='word_1_119' title='bbox 1610 2175 1722 2216; x_wconf 91' lang='lat' dir='ltr'>deci-</span> 
     </span>
     <span class='ocr_line' id='line_1_19' title="bbox 266 2240 1721 2299; baseline -0.001 -15"><span class='ocrx_word' id='word_1_120' title='bbox 266 2244 401 2299; x_wconf 91' lang='lat' dir='ltr'>piunt.</span> <span class='ocrx_word' id='word_1_121' title='bbox 462 2242 591 2291; x_wconf 87' lang='lat' dir='ltr'>Quod</span> <span class='ocrx_word' id='word_1_122' title='bbox 611 2242 694 2284; x_wconf 88' lang='lat' dir='ltr'>hoc</span> <span class='ocrx_word' id='word_1_123' title='bbox 724 2241 853 2293; x_wconf 84' lang='lat' dir='ltr'>modo</span> <span class='ocrx_word' id='word_1_124' title='bbox 875 2241 1013 2282; x_wconf 86' lang='lat' dir='ltr'>caveri</span> <span class='ocrx_word' id='word_1_125' title='bbox 1035 2246 1187 2296; x_wconf 90' lang='lat' dir='ltr'>potest,</span> <span class='ocrx_word' id='word_1_126' title='bbox 1208 2245 1255 2281; x_wconf 92' lang='lat' dir='ltr'>ut</span> <span class='ocrx_word' id='word_1_127' title='bbox 1285 2240 1473 2282; x_wconf 87' lang='lat' dir='ltr'>mittatur</span> <span class='ocrx_word' id='word_1_128' title='bbox 1492 2241 1536 2281; x_wconf 93' lang='lat' dir='ltr'>in</span> <span class='ocrx_word' id='word_1_129' title='bbox 1564 2241 1721 2298; x_wconf 83' lang='lat' dir='ltr'>ignem,</span> 
     </span>
     <span class='ocr_line' id='line_1_20' title="bbox 266 2308 1721 2366; baseline -0.001 -15"><span class='ocrx_word' id='word_1_130' title='bbox 266 2316 309 2351; x_wconf 91' lang='lat' dir='ltr'>et</span> <span class='ocrx_word' id='word_1_131' title='bbox 329 2311 364 2351; x_wconf 88' lang='lat' dir='ltr'>si</span> <span class='ocrx_word' id='word_1_132' title='bbox 386 2325 536 2366; x_wconf 87' lang='lat' dir='ltr'>purum</span> <span class='ocrx_word' id='word_1_133' title='bbox 567 2315 631 2350; x_wconf 89' lang='lat' dir='ltr'>est</span> <span class='ocrx_word' id='word_1_134' title='bbox 650 2324 814 2359; x_wconf 88' lang='lat' dir='ltr'>aurum,</span> <span class='ocrx_word' id='word_1_135' title='bbox 828 2323 915 2349; x_wconf 90' lang='lat' dir='ltr'>non</span> <span class='ocrx_word' id='word_1_136' title='bbox 936 2308 1091 2349; x_wconf 90' lang='lat' dir='ltr'>amittit</span> <span class='ocrx_word' id='word_1_137' title='bbox 1107 2308 1329 2363; x_wconf 85' lang='lat' dir='ltr'>fulgorem,</span> <span class='ocrx_word' id='word_1_138' title='bbox 1351 2308 1386 2349; x_wconf 93' lang='lat' dir='ltr'>si</span> <span class='ocrx_word' id='word_1_139' title='bbox 1405 2323 1504 2350; x_wconf 89' lang='lat' dir='ltr'>vero</span> <span class='ocrx_word' id='word_1_140' title='bbox 1525 2309 1721 2361; x_wconf 87' lang='lat' dir='ltr'>mixtum,</span> 
     </span>
     <span class='ocr_line' id='line_1_21' title="bbox 267 2376 814 2419; baseline -0.005 -1"><span class='ocrx_word' id='word_1_141' title='bbox 267 2377 440 2419; x_wconf 89' lang='lat' dir='ltr'>omnino</span> <span class='ocrx_word' id='word_1_142' title='bbox 462 2381 599 2418; x_wconf 91' lang='lat' dir='ltr'>mutat</span> <span class='ocrx_word' id='word_1_143' title='bbox 618 2376 814 2418; x_wconf 88' lang='lat' dir='ltr'>colorem.</span> 
     </span>
    </p>
   </div>
   <div class='ocr_carea' id='block_1_9' title="bbox 611 2490 1350 2637">
    <p class='ocr_par' dir='ltr' id='par_1_9' title="bbox 611 2490 1350 2637">
     <span class='ocr_line' id='line_1_22' title="bbox 611 2490 1109 2534; baseline 0.004 -12"><span class='ocrx_word' id='word_1_144' title='bbox 611 2490 623 2515; x_wconf 72' lang='lat'><em>¹</em></span> <span class='ocrx_word' id='word_1_145' title='bbox 646 2493 668 2509; x_wconf 88' lang='lat'><strong>“</strong></span> <span class='ocrx_word' id='word_1_146' title='bbox 682 2491 817 2530; x_wconf 80' lang='lat' dir='ltr'>Evilat,”</span> <span class='ocrx_word' id='word_1_147' title='bbox 830 2491 868 2523; x_wconf 75' lang='lat' dir='ltr'>in</span> <span class='ocrx_word' id='word_1_148' title='bbox 885 2492 959 2523; x_wconf 81' lang='lat' dir='ltr'>Ood.</span> <span class='ocrx_word' id='word_1_149' title='bbox 977 2493 1109 2534; x_wconf 69' lang='lat' dir='ltr'>Guelph.</span> 
     </span>
     <span class='ocr_line' id='line_1_23' title="bbox 611 2545 1350 2588; baseline 0.003 -12"><span class='ocrx_word' id='word_1_150' title='bbox 611 2545 625 2564; x_wconf 79' lang='lat'>²</span> <span class='ocrx_word' id='word_1_151' title='bbox 647 2547 670 2563; x_wconf 86' lang='lat'><strong><em>“</em></strong></span> <span class='ocrx_word' id='word_1_152' title='bbox 685 2545 805 2586; x_wconf 77' lang='lat' dir='ltr'>Gyon‚”</span> <span class='ocrx_word' id='word_1_153' title='bbox 818 2546 857 2577; x_wconf 79' lang='lat' dir='ltr'>in</span> <span class='ocrx_word' id='word_1_154' title='bbox 873 2547 949 2578; x_wconf 84' lang='lat' dir='ltr'>C&#39;od.</span> <span class='ocrx_word' id='word_1_155' title='bbox 962 2547 1094 2588; x_wconf 69' lang='lat' dir='ltr'>Guelph,</span> <span class='ocrx_word' id='word_1_156' title='bbox 1109 2545 1193 2578; x_wconf 64' lang='lat' dir='ltr'>mal&amp;</span> <span class='ocrx_word' id='word_1_157' title='bbox 1206 2551 1350 2588; x_wconf 79' lang='lat' dir='ltr'>apparet.</span> 
     </span>
     <span class='ocr_line' id='line_1_24' title="bbox 611 2596 993 2637; baseline 0.003 -7"><span class='ocrx_word' id='word_1_158' title='bbox 611 2597 625 2616; x_wconf 86' lang='lat'>⁸</span> <span class='ocrx_word' id='word_1_159' title='bbox 646 2596 720 2637; x_wconf 66' lang='lat' dir='ltr'>ima,</span> <span class='ocrx_word' id='word_1_160' title='bbox 747 2601 768 2616; x_wconf 91' lang='lat'><em>“</em></span> <span class='ocrx_word' id='word_1_161' title='bbox 778 2599 993 2631; x_wconf 78' lang='lat' dir='ltr'>misceuntur.’&#39;</span> 
     </span>
    </p>
   </div>
  </div>
 </body>
</html>
