1970 3202
292 241 317 280 6
768 256 1017 284 TnEoanl
1050 257 1185 284 LIBER
1218 258 1247 283 1.

763 432 1079 495 CAPUT
1157 432 1276 494 VL

619 578 679 605 DE
711 577 895 605 VENEDA
926 578 975 605 IN
1005 578 1165 606 OCULIS
1196 576 1426 606 PONENDA.

298 674 611 774 DEINDE
643 678 870 719 commisce
899 677 1064 733 nigrum
1094 693 1190 720 cum
1220 678 1385 719 modico
1405 675 1518 729 albo,
1538 675 1610 731 qui
1630 675 1745 716 colon·

454 749 626 785 vocatur
653 744 826 796 veneda‚
858 749 901 786 et
925 744 1052 800 imple
1077 745 1254 800 pupillas
1275 744 1503 786 oculorum.
1564 741 1686 783 Adde
1707 741 1744 782 ei

294 806 419 847 etiam
440 807 493 848 de
513 808 610 849 albo
631 808 823 863 amplius,
855 814 897 849 et
931 809 1056 864 imple
1092 809 1234 850 oculos
1264 823 1316 850 ex
1347 813 1523 864 utraque
1553 811 1682 862 parte,
1703 810 1746 845 et

296 873 438 914 album
459 874 635 929 simplex
656 875 775 916 linies
804 875 911 916 inter
932 875 1132 931 pupillam
1153 881 1195 916 et
1213 875 1351 931 ipsum
1373 875 1570 925 colorem,
1591 878 1633 914 et
1647 886 1744 914 cum

297 954 408 996 aqua
418 942 600 984 lavabis.

727 1234 1045 1297 CAPUT
1126 1234 1301 1297 VIL

798 1381 859 1409 DE
889 1381 996 1410 Posc
1026 1380 1247 1410 SECUNDO.

299 1479 594 1579 POSTEA
621 1481 763 1537 accipe
795 1495 911 1536 posc,
944 1482 998 1523 de
1026 1496 1112 1537 quo
1144 1494 1270 1536 supra
1300 1480 1459 1522 dictum
1491 1487 1567 1531 est,
1599 1486 1641 1521 et
1673 1480 1748 1521 ad-

430 1548 559 1589 misce
590 1548 629 1589 ei
664 1547 844 1603 amplius
875 1548 930 1589 de
960 1548 1130 1604 prasino
1151 1553 1193 1589 et
1211 1547 1354 1599 rubeo,
1374 1547 1433 1588 ita
1452 1553 1499 1588 ut
1517 1547 1667 1588 umbra
1697 1547 1752 1587 sit

299 1614 516 1656 anterioris
538 1614 701 1666 coloris,
722 1620 766 1655 et
785 1614 913 1671 imple
933 1615 1118 1657 medium
1139 1615 1319 1671 spatium
1340 1615 1447 1656 inter
1467 1613 1688 1671 supercilia
1709 1619 1751 1655 et

298 1684 457 1734 oculos,
479 1688 520 1724 et
540 1682 618 1723 sub
640 1681 771 1723 oculis
792 1683 990 1734 medium,
1011 1688 1053 1724 et
1078 1683 1204 1739 juxta
1237 1697 1401 1734 nasum,
1433 1688 1476 1724 et
1500 1682 1608 1723 inter
1634 1696 1682 1722 os
1709 1686 1752 1722 et

299 1756 501 1802 mentum,
522 1764 676 1805 granos
696 1763 769 1790 seu
789 1748 987 1791 barbulas
1008 1749 1334 1801 adolescentum,
1366 1755 1409 1790 et
1437 1750 1599 1805 palmas
1628 1748 1750 1789 dimi-

300 1817 390 1858 dias
411 1832 553 1859 versus
574 1817 781 1873 pollicem,
798 1822 840 1858 et
854 1818 982 1873 pedes
999 1831 1124 1873 supra
1136 1817 1318 1858 minores
1330 1816 1540 1868 articulos,
1561 1821 1604 1858 et
1623 1815 1752 1856 facies

300 1899 522 1940 puerorum
542 1891 584 1927 et
604 1885 824 1927 mulierum
843 1899 870 1926 a
890 1890 1032 1928 mento
1052 1899 1186 1941 usque
1204 1884 1260 1926 ad
1280 1889 1482 1940 tempora.

717 2217 1042 2304 CAPUT
1120 2217 1340 2280 VIII.

797 2363 859 2391 DE
890 2363 1004 2392 ROSA
1033 2363 1256 2392 SECUNDA.

421 2463 618 2504 EINDE
652 2463 780 2504 misce
812 2477 908 2504 cum
941 2477 1036 2504 rosa
1066 2462 1321 2514 cenobrium,
1356 2468 1396 2504 et
1432 2463 1550 2505 linies
1581 2464 1677 2505 inde
1707 2465 1750 2505 in

448 2530 587 2571 medio
612 2530 707 2581 oris,
739 2530 797 2570 ita
827 2535 874 2570 ut
901 2529 1084 2571 anterior
1111 2529 1300 2586 superius
1320 2529 1575 2586 inferiusque
1595 2537 1752 2586 pareat,

302 2606 344 2641 et
363 2599 430 2640 fac
452 2597 621 2639 subtiles
637 2603 792 2638 tractus
808 2611 932 2652 super
947 2611 1086 2638 rosam
1102 2596 1145 2638 in
1161 2597 1279 2648 facie,
1301 2597 1344 2637 in
1360 2597 1468 2638 collo
1487 2597 1586 2638 etin
1603 2598 1751 2648 fronte,

302 2673 343 2708 et
378 2665 616 2721 designabis
647 2665 744 2705 inde
777 2664 975 2706 articulos
1006 2665 1049 2705 in
1079 2665 1241 2720 palmis,
1264 2670 1305 2706 et
1325 2666 1543 2720 juncturas
1565 2665 1752 2707 omnium

303 2734 584 2775 membrorum
606 2738 646 2772 et
667 2731 836 2787 ungula.
1035 2741 1039 2745 ’
