1970 3202
253 272 336 313 228
689 285 939 314 THEOPHILI
973 286 1108 314 LIBER
1140 287 1208 314 111.

250 385 448 440 purgabis
469 385 523 426 ab
540 392 714 441 argento
735 386 933 442 quicquid
964 386 1237 427 immunditiae
1258 401 1381 442 super
1410 387 1510 427 illud
1532 386 1699 435 videris,

254 454 474 509 positoque
493 467 618 508 super
637 453 736 494 illud
758 453 918 505 titione,
939 454 1020 495 hoc
1041 460 1104 495 est
1124 454 1239 509 ligno
1258 454 1357 509 igne
1386 459 1492 504 usto,
1514 453 1702 493 sufflabis

255 519 521 561 mediocriter
570 521 698 576 longo
750 528 898 563 tractu.
972 521 1167 578 Cumque
1207 521 1427 576 plumbum
1467 520 1548 561 hoc
1588 519 1700 560 facto

254 588 437 643 ejeceris,
458 589 493 629 si
514 588 666 629 videris
698 595 917 644 argentum
938 589 1125 630 nondum
1155 603 1306 644 purum
1326 603 1433 639 esse,
1453 601 1616 628 rursum
1646 587 1700 627 ad

254 670 364 711 pone
404 656 635 711 plumbum,
670 656 1023 712 superpositisque
1057 657 1308 697 carbonibus
1338 656 1405 696 fac
1431 656 1537 696 sicut
1573 655 1700 710 prius.

256 722 383 772 Quod
417 724 451 763 si
471 723 621 763 videris
653 729 872 777 argentum
904 723 1073 764 ebullire
1103 729 1145 764 et
1173 723 1348 774 exsilire,
1370 723 1474 763 scito
1506 729 1701 777 stagnum

257 791 321 831 vel
356 790 638 831 aurichalcum
669 790 706 830 ei
737 790 984 840 admixtum,
1010 798 1052 831 et
1086 791 1302 845 confringe
1332 790 1578 846 particulam
1609 788 1703 828 vitri

256 858 428 907 minute,
450 863 492 898 et
525 857 662 912 proice
683 871 807 912 super
839 864 1073 912 argentum,
1095 858 1396 914 plumbumque
1428 857 1551 907 adde,
1573 870 1703 912 appo-

256 926 344 966 sitis
365 924 615 965 carbonibus
636 924 796 965 fortiter
817 925 953 965 suffla.
1016 925 1183 966 Deinde
1203 926 1361 980 respice
1384 925 1491 965 sicut
1512 924 1639 979 prius,
1662 929 1703 963 et

256 1007 352 1033 cum
380 993 538 1047 virgula
569 992 684 1033 aufer
713 992 1020 1032 immunditiam
1041 993 1134 1032 vitri
1156 998 1198 1033 et
1227 992 1402 1048 plumbi,
1424 991 1704 1047 superposito-

256 1075 336 1115 que
357 1060 502 1101 titione
524 1060 590 1100 fac
610 1060 716 1100 sicut
737 1059 864 1114 prius,
885 1066 927 1099 et
947 1059 1027 1101 hoc
1050 1059 1210 1100 tamdiu
1232 1060 1367 1100 donec
1389 1074 1537 1115 purum
1559 1058 1646 1099 fiat.

675 1408 979 1471 CAPUT
1056 1406 1311 1468 XXIV

565 1545 625 1571 DE
656 1542 915 1570 DHHDENDO
946 1540 1156 1568 ARGENTO
1188 1540 1249 1566 AD
1281 1539 1407 1567 OPU&

369 1646 453 1688 UO
475 1644 695 1701 purificato
716 1641 751 1683 si
772 1640 944 1682 calicem
966 1638 1167 1679 fabricare
1187 1635 1380 1685 volueris,
1401 1634 1540 1675 divide
1561 1649 1711 1690 argen-

396 1721 487 1756 tum
506 1710 720 1767 aequaliter
739 1709 782 1749 in
798 1708 895 1758 duo,
912 1713 954 1748 et
975 1705 1241 1747 medietatem
1258 1716 1375 1744 serva
1397 1702 1452 1743 ad
1473 1702 1711 1743 faciendum

261 1784 412 1841 pedem
434 1787 476 1822 et
508 1785 727 1836 patenam3
760 1791 813 1817 ex
833 1776 963 1816 altera
981 1788 1082 1814 vero
1112 1771 1240 1812 facies
1270 1784 1358 1820 vas,
1379 1769 1445 1810 cui
1475 1769 1630 1809 adicies
1660 1783 1712 1809 ex

262 1850 452 1907 portione
472 1853 637 1904 patenae
658 1850 843 1900 partem3
874 1842 991 1889 verbi
1012 1840 1162 1897 gratia,
1177 1839 1211 1879 si
1229 1852 1371 1879 marca
1392 1836 1555 1892 argenti
1575 1835 1713 1886 fuerit,

263 1919 372 1961 adde
404 1914 632 1963 medietati,
667 1911 832 1967 pondus
864 1909 1086 1950 duodecim
1117 1920 1399 1956 nummorum,
1431 1918 1538 1960 quos
1568 1910 1715 1959 postea

262 1987 362 2030 inde
383 1983 546 2026 limabis
559 1987 602 2023 et
620 1980 741 2022 rades
761 1985 808 2019 ut
823 1977 974 2018 reddas
995 1990 1082 2016 suae
1103 1973 1223 2030 parti.
1286 1972 1415 2021 Quod
1431 1972 1464 2013 si
1484 1972 1577 2027 plus
1594 1971 1717 2012 fuerit

265 2051 425 2110 argenti
447 2051 512 2091 vel
534 2049 683 2099 minus,
705 2046 935 2088 secundum
958 2058 1078 2085 suam
1095 2041 1374 2098 quantitatem
1395 2040 1541 2090 addeS,
1559 2046 1601 2081 et
1621 2045 1719 2095 post

266 2130 355 2165 haec
375 2118 596 2173 unicuique
617 2115 724 2173 parti
745 2128 868 2154 suum
890 2111 1054 2168 pondus
1075 2109 1238 2150 reddes.

702 2413 1006 2477 CAPUT
1083 2410 1303 2473 XXV„

699 2562 759 2588 DE
791 2559 1040 2588 FUNDENDO
1071 2556 1293 2584 ARGENTO.

278 2673 448 2774 HIS
479 2674 538 2714 ita
569 2672 780 2728 dispositis
811 2670 929 2712 mitte
950 2672 1170 2724 argentum
1201 2666 1243 2705 in
1276 2679 1360 2705 uno
1382 2663 1661 2714 vasculorum,
1682 2669 1725 2704 et

423 2755 520 2782 cum
559 2739 826 2796 liquefactum
866 2736 1001 2787 fuerit,
1041 2734 1180 2791 proice
1219 2732 1431 2773 modicum
1467 2730 1566 2772 salis
1597 2744 1722 2785 super

273 2810 388 2861 illud,
401 2823 585 2864 moxque
599 2806 768 2849 effunde
779 2804 1025 2846 infusorium
1041 2801 1264 2843 rotundum
1280 2798 1392 2856 quod
1407 2798 1461 2839 sit
1473 2797 1723 2839 calefactum

276 2891 398 2933 super
418 2876 572 2932 ignem,
594 2881 636 2917 et
654 2874 709 2916 sit
730 2873 772 2915 in
803 2887 852 2914 eo
874 2886 968 2913 cera
988 2869 1224 2927 liquefacta.
1285 2867 1344 2908 Et
1364 2866 1398 2907 si
1428 2865 1569 2922 aliqua
1589 2864 1723 2920 negli-
