1970 3202
303 240 358 281 42
783 257 1034 286 'rnssopmm
1067 258 1202 286 LIBER
1234 259 1263 286 1.

660 432 964 496 CAPUT
1039 433 1393 496 XXXIHQ

460 573 520 603 DE
551 578 667 607 OMNI
698 579 879 607 GENERE
910 579 1121 608 GLUTINIS
1153 580 1202 606 IN
1234 579 1430 607 PICTURA
1461 577 1587 606 AURI.

382 672 401 713 Ῑ
423 677 605 719 vesicam
622 694 708 720 non
728 678 936 729 habueris,
957 693 1258 734 pergamenum
1272 678 1387 720 vituli
1401 678 1581 735 spissum
1597 676 1747 718 eodem

398 745 525 787 modo
557 746 708 798 incide,
736 748 846 797 lava,
878 752 921 787 et
948 761 1096 802 coque.
1157 746 1318 787 Follem
1354 761 1521 803 quoque
1553 745 1748 801 anguillae

298 810 614 866 diligentissime
648 828 803 864 rasum,
823 813 999 854 incisum
1033 819 1075 854 et
1106 814 1238 855 lotum
1271 815 1420 855 eodem
1444 813 1572 854 modo
1600 826 1746 868 coque.

299 878 411 920 Ossa
446 895 613 936 quoque
646 881 794 936 capitis
830 881 915 936 lupi
937 881 1062 936 piscis
1093 881 1167 922 loti
1200 881 1313 932 sicci,
1334 881 1554 937 diligenter
1584 881 1673 922 lota
1704 880 1747 920 in

298 947 434 987 calida
450 962 560 1004 aqua
575 954 650 1000 ter,
667 950 725 989 ita
745 963 893 1004 coque.
956 947 1261 1004 Qualecunque
1280 949 1430 989 horum
1447 948 1625 1000 coxeris,
1639 948 1748 989 adde

297 1013 335 1054 ei
355 1014 522 1055 tertiam
552 1022 715 1070 partem
747 1015 908 1071 gummi
942 1015 1197 1067 lucidissimi,
1221 1022 1263 1057 et
1294 1016 1460 1058 modice
1486 1031 1634 1072 coque,
1655 1020 1748 1071 pot·

298 1081 461 1137 erisque
474 1085 647 1125 'servare
666 1082 868 1139 quamdiu
888 1083 1082 1124 volueris.

669 1352 969 1416 CAPUT
1045 1353 1371 1416 XXXIV

477 1499 704 1531 QUOMODO
734 1499 931 1527 COLORES
963 1500 1012 1527 IN
1044 1500 1194 1528 LIBRIS
1224 1499 1572 1528 TEMPERENTUR.

299 1596 470 1695 HIS
491 1598 550 1639 ita
565 1599 742 1654 peractis
757 1599 824 1640 fac
844 1604 1221 1655 temperamentum
1237 1614 1288 1641 ex
1310 1598 1470 1655 gummi
1491 1597 1746 1638 lucidissimo

435 1672 477 1707 et
497 1681 608 1722 aqua
630 1667 738 1708 sicut
758 1681 897 1723 supra,
919 1673 962 1708 et
989 1673 1178 1724 tempera
1202 1682 1349 1709 omnes
1371 1667 1547 1715 colores,
1570 1671 1746 1721 excepto

295 1734 430 1786 viridi,
462 1741 505 1775 et
545 1749 703 1786 cerosa,
744 1740 786 1775 et
825 1735 968 1787 minio,
991 1741 1033 1776 et
1064 1735 1236 1776 carmin.
1298 1735 1443 1775 Viride
1473 1734 1629 1775 salsum
1659 1748 1746 1774 non

294 1804 405 1845 valet
423 1803 466 1843 in
487 1802 605 1843 libro.
666 1802 811 1844 Viride
830 1802 1106 1858 Hispanicum
1122 1803 1376 1859 temperabis
1397 1803 1495 1844 vino
1516 1817 1633 1858 puro,
1654 1806 1696 1843 et
1712 1801 1746 1842 si

294 1871 472 1913 volueris
505 1870 675 1912 umbras
708 1870 857 1922 facere,
892 1871 1001 1912 adde
1036 1871 1249 1912 modicum
1285 1886 1430 1912 sucum
1461 1870 1642 1926 gladioli,
1678 1870 1746 1910 vel

295 1938 404 1980 cauli
424 1939 489 1980 vel
522 1938 646 1994 porri.
709 1938 892 1979 Minium
929 1944 972 1980 et
1006 1953 1195 1980 ceresam
1231 1945 1273 1988 et
1304 1939 1463 1981 carmin
1492 1937 1745 1994 temperabis

293 2007 419 2048 claro.
482 2006 643 2047 Omnes
674 2006 877 2047 mixturas
898 2007 1100 2058 colorum,
1123 2007 1158 2047 si
1178 2006 1406 2062 indigueris
1427 2006 1481 2046 ad
1510 2006 1744 2062 pingendas

294 2075 512 2131 imagines,
544 2089 752 2130 compone
788 2075 830 2115 in
864 2074 972 2115 libro
1006 2080 1054 2115 ut
1090 2089 1229 2130 supra.
1291 2073 1451 2115 Omnes
1483 2074 1644 2115 colores
1680 2074 1744 2115 bis

293 2143 475 2199 ponendi
497 2148 594 2184 sunt
614 2143 656 2183 in
671 2142 792 2193 libro,
809 2142 851 2182 in
872 2141 1015 2197 primis
1032 2142 1288 2194 tenuissime,
1310 2141 1649 2198 deindespissius
1657 2157 1668 2193 3
1700 2141 1743 2181 in

293 2212 420 2253 literis
440 2226 538 2253 vero
560 2211 700 2252 semel.

692 2467 992 2530 CAPUT
1069 2467 1341 2530 XXXV

507 2616 567 2643 DE
598 2615 856 2643 GENERIBUS
888 2615 941 2641 ET
972 2614 1357 2643 TEMPERAMENTIS
1390 2613 1526 2642 FOLII.

394 2714 519 2757 OLII
543 2715 621 2756 tria
649 2722 746 2756 sunt
772 2729 939 2771 genera,
967 2729 1097 2755 unum
1124 2714 1313 2766 rubeum,
1333 2714 1446 2755 aliud
1473 2728 1737 2770 purpureum,

394 2783 557 2824 tertium
580 2783 828 2838 saphireum,
850 2797 943 2839 quae
963 2782 1023 2823 sic
1049 2782 1315 2838 temperabis.
1374 2782 1491 2823 Tolle
1518 2781 1676 2823 cineres
1697 2786 1739 2822 et

292 2851 426 2892 cribra
459 2866 530 2893 eos
552 2866 623 2907 per
655 2866 854 2907 pannum,
876 2857 916 2891 et
949 2850 1201 2906 perfundens
1232 2864 1304 2891 eos
1337 2849 1447 2905 aqua
1479 2848 1642 2905 frigida,
1670 2848 1736 2890 fac
