1970 3202
361 280 435 322 130
838 294 1092 322 THEOPHILI
1125 294 1261 322 LIBER
1293 295 1342 322 11.

822 501 1130 563 CAPUT
1210 501 1333 563 XL

674 657 733 683 DE
762 656 990 685 AMPULLls
1021 656 1115 684 CUM
1147 656 1295 684 LONGO
1326 655 1482 684 COLLO.

462 762 592 804 UOD
627 763 662 804 si
691 764 871 805 volueris
904 764 1108 819 ampullas
1138 778 1235 804 cum
1266 764 1392 819 longo
1424 763 1533 804 collo
1565 762 1716 814 facere,
1746 762 1805 803 sic

508 844 600 885 age.
661 829 771 871 Cum
807 831 1036 872 sufflaveris
1071 830 1253 872 calidum
1285 830 1439 871 vitrum
1474 829 1593 885 quasi
1622 829 1804 870 vesicam

350 913 563 955 magnam,
584 898 753 939 obstrue
781 897 967 938 foramen
995 898 1142 938 fistulae
1168 898 1316 953 pollice
1341 902 1429 948 tuo,
1451 912 1504 938 ne
1529 897 1634 938 forte
1655 902 1803 937 ventus

352 971 487 1016 exeat,
520 964 685 1005 vibrans
717 965 851 1020 ipsam
882 965 1066 1006 fistulam
1096 979 1191 1006 cum
1224 965 1343 1015 vitro,
1371 965 1484 1020 quod
1515 965 1552 1005 ei
1582 964 1804 1019 appendet,

349 1033 457 1074 ultra
477 1037 604 1088 caput
623 1037 756 1084 tuum,
778 1046 828 1073 eo
859 1032 987 1073 modo
1018 1032 1137 1088 quasi
1159 1031 1260 1072 velis
1288 1045 1381 1072 eam
1407 1031 1622 1086 projicere,
1643 1035 1686 1071 et
1704 1045 1804 1072 mox

351 1105 524 1141 extenso
545 1100 653 1141 collo
674 1099 764 1155 ejus
787 1099 830 1139 in
857 1100 1043 1156 longum,
1065 1099 1226 1140 elevata
1246 1112 1376 1139 manu
1394 1103 1466 1138 tua
1486 1097 1530 1138 in
1550 1098 1694 1149 altum,
1716 1098 1805 1139 sine

350 1168 533 1208 fistulam
553 1182 649 1209 cum
670 1181 768 1208 vase
788 1166 958 1208 inferius
979 1166 1227 1223 dependere,
1249 1171 1306 1210 ut
1321 1165 1473 1207 collum
1494 1179 1579 1206 non
1599 1170 1804 1215 curvetur,

349 1240 391 1275 et
411 1235 470 1276 sic
491 1249 688 1290 separans
709 1249 805 1276 cum
827 1234 1000 1276 humido
1021 1234 1135 1290 ligno
1157 1233 1274 1274 mitte
1288 1222 1337 1274 'in
1359 1232 1527 1273 furnum
1548 1232 1759 1288 refrigerii.

805 1704 1109 1767 CAPUT
1185 1706 1352 1767 XIL

460 1860 520 1887 DE
552 1859 762 1887 DIVERSIS
793 1860 918 1887 VITRI
951 1859 1204 1887 COLORIBUS
1236 1860 1327 1888 NON
1357 1842 1703 1887 TRANSLUOIDISss

416 1967 831 2009 NVENIUNTUR
852 1968 895 2008 in
917 1967 1097 2024 antiquis
1118 1967 1306 2009 aedificiis
1338 1967 1610 2023 Paganorum
1640 1966 1683 2007 in
1713 1981 1805 2007 mu·

442 2035 532 2077 sivo
562 2049 686 2090 opere
716 2035 880 2077 diversa
910 2049 1064 2091 genera
1085 2034 1177 2076 vitri
1191 2051 1203 2086 ;
1232 2035 1425 2076 videlicet
1445 2034 1604 2085 album,
1625 2034 1804 2088 nigrum,

327 2103 492 2159 ⁴viride,
522 2117 731 2154 croceum,
763 2103 1014 2159 saphireum,
1045 2103 1339 2155 rubicundum,
1370 2116 1637 2159 purpureum,
1657 2106 1699 2143 et
1718 2117 1803 2143 non

351 2177 415 2213 est
435 2170 669 2227 perspicax,
691 2170 765 2212 sed
786 2170 962 2211 densum
983 2170 1026 2212 in
1047 2170 1220 2212 modum
1241 2170 1474 2222 marmoris,
1495 2175 1538 2211 et
1557 2175 1655 2212 sunt
1683 2169 1805 2226 quasi

348 2238 498 2295 lapidi¹
530 2238 692 2294 quadri,
717 2252 770 2279 ex
802 2237 955 2294 quibus
988 2238 1096 2279 fiunt
1127 2239 1282 2280 electra
1316 2239 1359 2279 in
1399 2252 1516 2290 auro,
1552 2243 1727 2294 argento
1763 2242 1805 2278 et

350 2319 495 2361 cupro,
528 2304 598 2360 dejss
613 2303 765 2360 quibus
802 2304 845 2344 in
866 2319 942 2346 suo
981 2305 1075 2346 loco
1115 2305 1368 2347 sufficienter
1406 2305 1606 2347 dicemus.
1681 2305 1804 2347 Inve-

349 2372 522 2432 niuntur
552 2370 678 2412 etiam
698 2371 867 2412 vaseula
897 2371 1061 2413 diversa
1090 2373 1319 2414 eorundem
1349 2373 1550 2425 colorum,
1576 2387 1670 2429 quae
1689 2373 1806 2415 colli—

351 2444 460 2496 gunt
491 2438 642 2488 Franci
672 2438 715 2479 in
745 2438 826 2480 hoc
857 2453 982 2494 opere
1015 2439 1264 2495 peritissimi,
1299 2446 1341 2481 et
1370 2439 1606 2495 saphireum
1634 2440 1803 2497 quidem

350 2506 532 2548 fundunt
551 2506 595 2547 in
615 2506 747 2548 fiunis
769 2506 866 2554 suis,
888 2506 1092 2548 addentes
1113 2508 1151 2548 ei
1171 2508 1382 2549 modicum
1403 2507 1496 2549 vitri
1517 2509 1617 2550 clari
1637 2514 1679 2550 et
1706 2508 1804 2559 albi,

351 2579 394 2615 et
414 2573 573 2615 faciunt
592 2573 760 2615 tabulas
780 2573 935 2629 saphiri
956 2574 1159 2629 pretiosas
1181 2589 1230 2616 ac
1251 2575 1352 2616 satis
1371 2575 1492 2617 utiles
1523 2575 1565 2616 in
1596 2575 1802 2617 fenestris.

352 2640 530 2683 Faciunt
550 2641 676 2683 etiam
698 2655 750 2683 ex
772 2655 954 2696 purpura
975 2647 1015 2682 et
1036 2642 1154 2683 viridi
1175 2642 1374 2684 similiter.

819 2765 828 2783 ¹
851 2766 894 2797 In
909 2766 1008 2798 codice
1026 2767 1157 2809 Guelpk.
1181 2769 1202 2785 “
1213 2767 1339 2808 lapilli,”
