<?xml version="1.0" encoding="UTF-8"?>
<!DOCTYPE html PUBLIC "-//W3C//DTD XHTML 1.0 Transitional//EN"
    "http://www.w3.org/TR/xhtml1/DTD/xhtml1-transitional.dtd">
<html xmlns="http://www.w3.org/1999/xhtml" xml:lang="en" lang="en">
 <head>
  <title>
</title>
<meta http-equiv="Content-Type" content="text/html;charset=utf-8" />
  <meta name='ocr-system' content='tesseract 3.04.00' />
  <meta name='ocr-capabilities' content='ocr_page ocr_carea ocr_par ocr_line ocrx_word'/>
</head>
<body>
  <div class='ocr_page' id='page_1' title='image "./theophiliquietru00theouoft_0456.png"; bbox 0 0 1970 3202; ppageno 0'>
   <div class='ocr_carea' id='block_1_1' title="bbox 303 289 1284 332">
    <p class='ocr_par' dir='ltr' id='par_1_1' title="bbox 303 289 1284 332">
     <span class='ocr_line' id='line_1_1' title="bbox 303 289 1284 332; baseline 0.003 -3"><span class='ocrx_word' id='word_1_1' title='bbox 303 289 387 329; x_wconf 67' lang='lat'>386</span> <span class='ocrx_word' id='word_1_2' title='bbox 758 302 1012 331; x_wconf 65' lang='lat' dir='ltr'>&#39;rmflomnm</span> <span class='ocrx_word' id='word_1_3' title='bbox 1045 301 1181 331; x_wconf 75' lang='lat' dir='ltr'>LIBER</span> <span class='ocrx_word' id='word_1_4' title='bbox 1213 301 1284 332; x_wconf 89' lang='lat'>111.</span> 
     </span>
    </p>
   </div>
   <div class='ocr_carea' id='block_1_2' title="bbox 712 596 1413 684">
    <p class='ocr_par' dir='ltr' id='par_1_2' title="bbox 712 596 1413 684">
     <span class='ocr_line' id='line_1_2' title="bbox 712 596 1413 684; baseline 0.001 -1"><span class='ocrx_word' id='word_1_5' title='bbox 712 622 1019 684; x_wconf 82' lang='lat' dir='ltr'><strong>CAPUT</strong></span> <span class='ocrx_word' id='word_1_6' title='bbox 1099 622 1351 684; x_wconf 80' lang='lat' dir='ltr'>XCIV.</span> <span class='ocrx_word' id='word_1_7' title='bbox 1411 596 1413 598; x_wconf 75' lang='grc'><strong>’</strong></span> 
     </span>
    </p>
   </div>
   <div class='ocr_carea' id='block_1_3' title="bbox 760 765 1313 794">
    <p class='ocr_par' dir='ltr' id='par_1_3' title="bbox 760 765 1313 794">
     <span class='ocr_line' id='line_1_3' title="bbox 760 765 1313 794; baseline 0 -1"><span class='ocrx_word' id='word_1_8' title='bbox 760 767 819 793; x_wconf 87' lang='lat' dir='ltr'>DE</span> <span class='ocrx_word' id='word_1_9' title='bbox 850 767 1093 794; x_wconf 85' lang='lat' dir='ltr'>POLIENDIS</span> <span class='ocrx_word' id='word_1_10' title='bbox 1124 765 1313 794; x_wconf 84' lang='lat' dir='ltr'>GEMMIS.</span> 
     </span>
    </p>
   </div>
   <div class='ocr_carea' id='block_1_4' title="bbox 314 862 1762 961">
    <p class='ocr_par' dir='ltr' id='par_1_4' title="bbox 314 862 1762 961">
     <span class='ocr_line' id='line_1_4' title="bbox 314 862 1762 961; baseline 0.002 -58"><span class='ocrx_word' id='word_1_11' title='bbox 314 862 751 961; x_wconf 72' lang='lat' dir='ltr'>CRISTALLUM</span> <span class='ocrx_word' id='word_1_12' title='bbox 775 864 888 920; x_wconf 91' lang='lat' dir='ltr'>quod</span> <span class='ocrx_word' id='word_1_13' title='bbox 907 878 1019 919; x_wconf 88' lang='lat' dir='ltr'>aqua</span> <span class='ocrx_word' id='word_1_14' title='bbox 1040 864 1189 904; x_wconf 88' lang='lat' dir='ltr'>durata</span> <span class='ocrx_word' id='word_1_15' title='bbox 1209 864 1250 903; x_wconf 91' lang='lat' dir='ltr'>in</span> <span class='ocrx_word' id='word_1_16' title='bbox 1268 863 1457 919; x_wconf 79' lang='lat' dir='ltr'>glaciem,</span> <span class='ocrx_word' id='word_1_17' title='bbox 1475 869 1516 905; x_wconf 91' lang='lat' dir='ltr'>et</span> <span class='ocrx_word' id='word_1_18' title='bbox 1537 865 1762 906; x_wconf 87' lang='lat' dir='ltr'>multorum</span> 
     </span>
    </p>
   </div>
   <div class='ocr_carea' id='block_1_5' title="bbox 285 930 1774 2940">
    <p class='ocr_par' dir='ltr' id='par_1_5' title="bbox 285 930 1774 2940">
     <span class='ocr_line' id='line_1_5' title="bbox 460 930 1763 986; baseline 0.002 -15"><span class='ocrx_word' id='word_1_19' title='bbox 460 945 664 971; x_wconf 89' lang='lat' dir='ltr'>annorum</span> <span class='ocrx_word' id='word_1_20' title='bbox 687 932 839 986; x_wconf 80' lang='lat' dir='ltr'>glacies</span> <span class='ocrx_word' id='word_1_21' title='bbox 859 932 1030 972; x_wconf 81' lang='lat' dir='ltr'>duratur</span> <span class='ocrx_word' id='word_1_22' title='bbox 1050 931 1092 971; x_wconf 93' lang='lat' dir='ltr'>in</span> <span class='ocrx_word' id='word_1_23' title='bbox 1113 930 1311 985; x_wconf 83' lang='lat' dir='ltr'><strong>lapidem,</strong></span> <span class='ocrx_word' id='word_1_24' title='bbox 1342 931 1422 972; x_wconf 91' lang='lat' dir='ltr'>hoc</span> <span class='ocrx_word' id='word_1_25' title='bbox 1444 932 1572 973; x_wconf 86' lang='lat' dir='ltr'>modo</span> <span class='ocrx_word' id='word_1_26' title='bbox 1594 933 1763 974; x_wconf 87' lang='lat' dir='ltr'>limatur</span> 
     </span>
     <span class='ocr_line' id='line_1_6' title="bbox 309 995 1764 1056; baseline 0.001 -17"><span class='ocrx_word' id='word_1_27' title='bbox 309 1003 351 1038; x_wconf 82' lang='lat' dir='ltr'>et</span> <span class='ocrx_word' id='word_1_28' title='bbox 381 999 544 1053; x_wconf 87' lang='lat' dir='ltr'>politur.</span> <span class='ocrx_word' id='word_1_29' title='bbox 624 999 741 1039; x_wconf 85' lang='lat' dir='ltr'>Tolle</span> <span class='ocrx_word' id='word_1_30' title='bbox 775 999 1080 1039; x_wconf 82' lang='lat' dir='ltr'><strong>confectionem</strong></span> <span class='ocrx_word' id='word_1_31' title='bbox 1111 1013 1204 1054; x_wconf 88' lang='lat' dir='ltr'>quae</span> <span class='ocrx_word' id='word_1_32' title='bbox 1235 998 1385 1038; x_wconf 86' lang='lat' dir='ltr'>dicitur</span> <span class='ocrx_word' id='word_1_33' title='bbox 1414 1004 1556 1051; x_wconf 80' lang='lat' dir='ltr'>tenaX,</span> <span class='ocrx_word' id='word_1_34' title='bbox 1575 995 1579 998; x_wconf 60' lang='grc'><strong>’</strong></span> <span class='ocrx_word' id='word_1_35' title='bbox 1597 1000 1650 1041; x_wconf 93' lang='lat' dir='ltr'>de</span> <span class='ocrx_word' id='word_1_36' title='bbox 1680 1015 1764 1056; x_wconf 88' lang='lat' dir='ltr'>qua</span> 
     </span>
     <span class='ocr_line' id='line_1_7' title="bbox 309 1065 1763 1122; baseline 0.002 -17"><span class='ocrx_word' id='word_1_37' title='bbox 309 1066 593 1120; x_wconf 87' lang='lat' dir='ltr'>supradictum</span> <span class='ocrx_word' id='word_1_38' title='bbox 621 1073 695 1116; x_wconf 89' lang='lat' dir='ltr'>est,</span> <span class='ocrx_word' id='word_1_39' title='bbox 728 1066 1041 1122; x_wconf 86' lang='lat' dir='ltr'>adhibitamque</span> <span class='ocrx_word' id='word_1_40' title='bbox 1070 1066 1155 1121; x_wconf 85' lang='lat' dir='ltr'>igni</span> <span class='ocrx_word' id='word_1_41' title='bbox 1183 1066 1317 1106; x_wconf 87' lang='lat' dir='ltr'>donec</span> <span class='ocrx_word' id='word_1_42' title='bbox 1346 1065 1547 1121; x_wconf 84' lang='lat' dir='ltr'>liquefiat,</span> <span class='ocrx_word' id='word_1_43' title='bbox 1579 1068 1763 1108; x_wconf 89' lang='lat' dir='ltr'>consoli-</span> 
     </span>
     <span class='ocr_line' id='line_1_8' title="bbox 308 1133 1764 1190; baseline 0.001 -16"><span class='ocrx_word' id='word_1_44' title='bbox 308 1133 428 1174; x_wconf 86' lang='lat' dir='ltr'>dabis</span> <span class='ocrx_word' id='word_1_45' title='bbox 450 1134 705 1174; x_wconf 81' lang='lat' dir='ltr'>christallum</span> <span class='ocrx_word' id='word_1_46' title='bbox 723 1134 776 1174; x_wconf 84' lang='lat' dir='ltr'>ad</span> <span class='ocrx_word' id='word_1_47' title='bbox 798 1134 955 1189; x_wconf 82' lang='lat' dir='ltr'>lignum</span> <span class='ocrx_word' id='word_1_48' title='bbox 978 1134 1150 1189; x_wconf 79' lang='lat' dir='ltr'>longum</span> <span class='ocrx_word' id='word_1_49' title='bbox 1168 1133 1281 1189; x_wconf 92' lang='lat' dir='ltr'>quod</span> <span class='ocrx_word' id='word_1_50' title='bbox 1303 1133 1340 1175; x_wconf 90' lang='lat' dir='ltr'>ei</span> <span class='ocrx_word' id='word_1_51' title='bbox 1361 1134 1491 1174; x_wconf 90' lang='lat' dir='ltr'>simile</span> <span class='ocrx_word' id='word_1_52' title='bbox 1506 1134 1559 1175; x_wconf 86' lang='lat' dir='ltr'>sit</span> <span class='ocrx_word' id='word_1_53' title='bbox 1583 1135 1623 1175; x_wconf 91' lang='lat' dir='ltr'>in</span> <span class='ocrx_word' id='word_1_54' title='bbox 1645 1150 1764 1190; x_wconf 85' lang='lat' dir='ltr'>gros-</span> 
     </span>
     <span class='ocr_line' id='line_1_9' title="bbox 309 1200 1765 1257; baseline 0.001 -16"><span class='ocrx_word' id='word_1_55' title='bbox 309 1201 500 1242; x_wconf 84' lang='lat' dir='ltr'>situdine.</span> <span class='ocrx_word' id='word_1_56' title='bbox 577 1201 703 1250; x_wconf 87' lang='lat' dir='ltr'>Quod</span> <span class='ocrx_word' id='word_1_57' title='bbox 736 1216 831 1242; x_wconf 85' lang='lat' dir='ltr'>cum</span> <span class='ocrx_word' id='word_1_58' title='bbox 867 1201 1154 1255; x_wconf 73' lang='lat' dir='ltr'>refrigeratum</span> <span class='ocrx_word' id='word_1_59' title='bbox 1191 1200 1316 1242; x_wconf 89' lang='lat' dir='ltr'>fuerit</span> <span class='ocrx_word' id='word_1_60' title='bbox 1348 1201 1534 1257; x_wconf 87' lang='lat' dir='ltr'>utrisque</span> <span class='ocrx_word' id='word_1_61' title='bbox 1570 1203 1765 1243; x_wconf 85' lang='lat' dir='ltr'>manibus</span> 
     </span>
     <span class='ocr_line' id='line_1_10' title="bbox 309 1267 1766 1325; baseline 0.002 -18"><span class='ocrx_word' id='word_1_62' title='bbox 309 1267 477 1309; x_wconf 86' lang='lat' dir='ltr'>fricabis</span> <span class='ocrx_word' id='word_1_63' title='bbox 507 1283 630 1324; x_wconf 85' lang='lat' dir='ltr'>super</span> <span class='ocrx_word' id='word_1_64' title='bbox 660 1269 840 1325; x_wconf 83' lang='lat' dir='ltr'>lapidem</span> <span class='ocrx_word' id='word_1_65' title='bbox 872 1269 1091 1309; x_wconf 85' lang='lat' dir='ltr'>sabuleum</span> <span class='ocrx_word' id='word_1_66' title='bbox 1123 1269 1288 1318; x_wconf 88' lang='lat' dir='ltr'>durum,</span> <span class='ocrx_word' id='word_1_67' title='bbox 1310 1267 1454 1310; x_wconf 60' lang='lat' dir='ltr'>addita</span> <span class='ocrx_word' id='word_1_68' title='bbox 1484 1268 1598 1325; x_wconf 64' lang='lat' dir='ltr'>aqua</span> <span class='ocrx_word' id='word_1_69' title='bbox 1630 1270 1766 1310; x_wconf 86' lang='lat' dir='ltr'>donec</span> 
     </span>
     <span class='ocr_line' id='line_1_11' title="bbox 308 1335 1765 1392; baseline 0.001 -17"><span class='ocrx_word' id='word_1_70' title='bbox 308 1335 484 1377; x_wconf 88' lang='lat' dir='ltr'>formam</span> <span class='ocrx_word' id='word_1_71' title='bbox 516 1336 694 1391; x_wconf 69' lang='lat' dir='ltr'>accipiat</span> <span class='ocrx_word' id='word_1_72' title='bbox 721 1350 847 1392; x_wconf 86' lang='lat' dir='ltr'>quam</span> <span class='ocrx_word' id='word_1_73' title='bbox 869 1336 904 1376; x_wconf 90' lang='lat' dir='ltr'>ei</span> <span class='ocrx_word' id='word_1_74' title='bbox 927 1336 1025 1376; x_wconf 92' lang='lat' dir='ltr'>dare</span> <span class='ocrx_word' id='word_1_75' title='bbox 1048 1336 1238 1385; x_wconf 74' lang='lat' dir='ltr'>volueris,</span> <span class='ocrx_word' id='word_1_76' title='bbox 1270 1336 1421 1376; x_wconf 87' lang='lat' dir='ltr'>deinde</span> <span class='ocrx_word' id='word_1_77' title='bbox 1444 1351 1567 1391; x_wconf 89' lang='lat' dir='ltr'>super</span> <span class='ocrx_word' id='word_1_78' title='bbox 1588 1337 1765 1378; x_wconf 87' lang='lat' dir='ltr'>alteram</span> 
     </span>
     <span class='ocr_line' id='line_1_12' title="bbox 308 1403 1767 1460; baseline 0.002 -17"><span class='ocrx_word' id='word_1_79' title='bbox 308 1403 490 1458; x_wconf 77' lang='lat' dir='ltr'>lapidem</span> <span class='ocrx_word' id='word_1_80' title='bbox 526 1404 709 1459; x_wconf 76' lang='lat' dir='ltr'>ejusdem</span> <span class='ocrx_word' id='word_1_81' title='bbox 744 1404 908 1459; x_wconf 85' lang='lat' dir='ltr'>generis</span> <span class='ocrx_word' id='word_1_82' title='bbox 939 1404 1010 1460; x_wconf 89' lang='lat' dir='ltr'>qui</span> <span class='ocrx_word' id='word_1_83' title='bbox 1039 1403 1092 1446; x_wconf 82' lang='lat' dir='ltr'>sit</span> <span class='ocrx_word' id='word_1_84' title='bbox 1123 1403 1313 1444; x_wconf 88' lang='lat' dir='ltr'>subtilior</span> <span class='ocrx_word' id='word_1_85' title='bbox 1334 1410 1376 1444; x_wconf 86' lang='lat' dir='ltr'>et</span> <span class='ocrx_word' id='word_1_86' title='bbox 1401 1405 1601 1459; x_wconf 80' lang='lat' dir='ltr'>aequalior</span> <span class='ocrx_word' id='word_1_87' title='bbox 1632 1405 1767 1447; x_wconf 90' lang='lat' dir='ltr'>donec</span> 
     </span>
     <span class='ocr_line' id='line_1_13' title="bbox 312 1470 1768 1529; baseline 0.001 -17"><span class='ocrx_word' id='word_1_88' title='bbox 312 1471 481 1512; x_wconf 74' lang='lat' dir='ltr'>omnino</span> <span class='ocrx_word' id='word_1_89' title='bbox 503 1486 666 1526; x_wconf 83' lang='lat' dir='ltr'>aequum</span> <span class='ocrx_word' id='word_1_90' title='bbox 693 1473 778 1511; x_wconf 87' lang='lat' dir='ltr'>fiat.</span> <span class='ocrx_word' id='word_1_91' title='bbox 841 1471 897 1511; x_wconf 89' lang='lat' dir='ltr'>Et</span> <span class='ocrx_word' id='word_1_92' title='bbox 918 1470 1126 1526; x_wconf 89' lang='lat' dir='ltr'>accipiens</span> <span class='ocrx_word' id='word_1_93' title='bbox 1154 1471 1340 1512; x_wconf 90' lang='lat' dir='ltr'>tabulam</span> <span class='ocrx_word' id='word_1_94' title='bbox 1366 1472 1607 1527; x_wconf 85' lang='lat' dir='ltr'>plumbeam</span> <span class='ocrx_word' id='word_1_95' title='bbox 1628 1487 1768 1529; x_wconf 87' lang='lat' dir='ltr'>aequa-</span> 
     </span>
     <span class='ocr_line' id='line_1_14' title="bbox 311 1538 1768 1594; baseline 0.001 -15"><span class='ocrx_word' id='word_1_96' title='bbox 311 1540 407 1589; x_wconf 89' lang='lat' dir='ltr'>lem,</span> <span class='ocrx_word' id='word_1_97' title='bbox 421 1554 530 1594; x_wconf 87' lang='lat' dir='ltr'>pone</span> <span class='ocrx_word' id='word_1_98' title='bbox 551 1554 674 1594; x_wconf 86' lang='lat' dir='ltr'>super</span> <span class='ocrx_word' id='word_1_99' title='bbox 696 1553 788 1579; x_wconf 86' lang='lat' dir='ltr'>eam</span> <span class='ocrx_word' id='word_1_100' title='bbox 810 1539 994 1593; x_wconf 87' lang='lat' dir='ltr'>tegulam</span> <span class='ocrx_word' id='word_1_101' title='bbox 1016 1538 1232 1579; x_wconf 84' lang='lat' dir='ltr'>humidam</span> <span class='ocrx_word' id='word_1_102' title='bbox 1256 1553 1382 1594; x_wconf 89' lang='lat' dir='ltr'>quam</span> <span class='ocrx_word' id='word_1_103' title='bbox 1404 1554 1499 1580; x_wconf 92' lang='lat' dir='ltr'>cum</span> <span class='ocrx_word' id='word_1_104' title='bbox 1522 1540 1651 1580; x_wconf 87' lang='lat' dir='ltr'>saliva</span> <span class='ocrx_word' id='word_1_105' title='bbox 1674 1541 1768 1581; x_wconf 87' lang='lat' dir='ltr'>fric-</span> 
     </span>
     <span class='ocr_line' id='line_1_15' title="bbox 312 1606 1769 1662; baseline 0.001 -15"><span class='ocrx_word' id='word_1_106' title='bbox 312 1607 402 1648; x_wconf 85' lang='lat' dir='ltr'>abis</span> <span class='ocrx_word' id='word_1_107' title='bbox 435 1621 557 1661; x_wconf 87' lang='lat' dir='ltr'>super</span> <span class='ocrx_word' id='word_1_108' title='bbox 585 1613 722 1647; x_wconf 86' lang='lat' dir='ltr'>cotem</span> <span class='ocrx_word' id='word_1_109' title='bbox 753 1606 916 1655; x_wconf 86' lang='lat' dir='ltr'>duram,</span> <span class='ocrx_word' id='word_1_110' title='bbox 948 1612 1072 1661; x_wconf 88' lang='lat' dir='ltr'>atque</span> <span class='ocrx_word' id='word_1_111' title='bbox 1102 1606 1279 1660; x_wconf 77' lang='lat' dir='ltr'>desuper</span> <span class='ocrx_word' id='word_1_112' title='bbox 1307 1606 1439 1661; x_wconf 87' lang='lat' dir='ltr'>polies</span> <span class='ocrx_word' id='word_1_113' title='bbox 1469 1607 1603 1662; x_wconf 88' lang='lat' dir='ltr'>ipsum</span> <span class='ocrx_word' id='word_1_114' title='bbox 1639 1608 1769 1649; x_wconf 89' lang='lat' dir='ltr'>chris-</span> 
     </span>
     <span class='ocr_line' id='line_1_16' title="bbox 311 1673 1770 1730; baseline 0.001 -16"><span class='ocrx_word' id='word_1_115' title='bbox 311 1675 471 1724; x_wconf 86' lang='lat' dir='ltr'>tallum,</span> <span class='ocrx_word' id='word_1_116' title='bbox 513 1674 646 1714; x_wconf 88' lang='lat' dir='ltr'>donec</span> <span class='ocrx_word' id='word_1_117' title='bbox 685 1674 890 1728; x_wconf 85' lang='lat' dir='ltr'>fulgorem</span> <span class='ocrx_word' id='word_1_118' title='bbox 921 1673 1112 1728; x_wconf 80' lang='lat' dir='ltr'>accipiat.</span> <span class='ocrx_word' id='word_1_119' title='bbox 1192 1673 1261 1714; x_wconf 90' lang='lat' dir='ltr'>Ad</span> <span class='ocrx_word' id='word_1_120' title='bbox 1291 1674 1482 1714; x_wconf 89' lang='lat' dir='ltr'>ultimum</span> <span class='ocrx_word' id='word_1_121' title='bbox 1518 1677 1614 1716; x_wconf 76' lang='lat' dir='ltr'>vero</span> <span class='ocrx_word' id='word_1_122' title='bbox 1647 1690 1770 1730; x_wconf 87' lang='lat' dir='ltr'>super</span> 
     </span>
     <span class='ocr_line' id='line_1_17' title="bbox 313 1730 1769 1797; baseline 0.001 -16"><span class='ocrx_word' id='word_1_123' title='bbox 313 1730 532 1797; x_wconf 87' lang='lat' dir='ltr'>hyrcinum</span> <span class='ocrx_word' id='word_1_124' title='bbox 574 1742 735 1781; x_wconf 89' lang='lat' dir='ltr'>corium</span> <span class='ocrx_word' id='word_1_125' title='bbox 777 1755 863 1781; x_wconf 91' lang='lat' dir='ltr'>non</span> <span class='ocrx_word' id='word_1_126' title='bbox 904 1740 1170 1796; x_wconf 82' lang='lat' dir='ltr'>denigratum</span> <span class='ocrx_word' id='word_1_127' title='bbox 1215 1755 1351 1797; x_wconf 88' lang='lat' dir='ltr'>neque</span> <span class='ocrx_word' id='word_1_128' title='bbox 1389 1751 1577 1792; x_wconf 87' lang='lat' dir='ltr'>unctum,</span> <span class='ocrx_word' id='word_1_129' title='bbox 1618 1742 1691 1782; x_wconf 87' lang='lat' dir='ltr'>sed</span> <span class='ocrx_word' id='word_1_130' title='bbox 1727 1741 1769 1781; x_wconf 90' lang='lat' dir='ltr'>in</span> 
     </span>
     <span class='ocr_line' id='line_1_18' title="bbox 314 1808 1770 1864; baseline -0.001 -15"><span class='ocrx_word' id='word_1_131' title='bbox 314 1809 428 1864; x_wconf 83' lang='lat' dir='ltr'>ligno</span> <span class='ocrx_word' id='word_1_132' title='bbox 470 1815 637 1849; x_wconf 82' lang='lat' dir='ltr'>tensum</span> <span class='ocrx_word' id='word_1_133' title='bbox 669 1815 710 1848; x_wconf 90' lang='lat' dir='ltr'>et</span> <span class='ocrx_word' id='word_1_134' title='bbox 741 1808 869 1848; x_wconf 89' lang='lat' dir='ltr'>clavis</span> <span class='ocrx_word' id='word_1_135' title='bbox 913 1808 1082 1848; x_wconf 88' lang='lat' dir='ltr'>inferius</span> <span class='ocrx_word' id='word_1_136' title='bbox 1119 1809 1307 1859; x_wconf 85' lang='lat' dir='ltr'>affixum,</span> <span class='ocrx_word' id='word_1_137' title='bbox 1349 1808 1588 1849; x_wconf 86' lang='lat' dir='ltr'>fricaturam</span> <span class='ocrx_word' id='word_1_138' title='bbox 1619 1809 1770 1864; x_wconf 81' lang='lat' dir='ltr'>tegulae</span> 
     </span>
     <span class='ocr_line' id='line_1_19' title="bbox 316 1874 1769 1932; baseline -0.002 -15"><span class='ocrx_word' id='word_1_139' title='bbox 316 1891 425 1932; x_wconf 89' lang='lat' dir='ltr'>pone</span> <span class='ocrx_word' id='word_1_140' title='bbox 446 1876 576 1917; x_wconf 69' lang='lat' dir='ltr'>saliva</span> <span class='ocrx_word' id='word_1_141' title='bbox 590 1876 821 1926; x_wconf 79' lang='lat' dir='ltr'>humidam,</span> <span class='ocrx_word' id='word_1_142' title='bbox 837 1882 879 1916; x_wconf 86' lang='lat' dir='ltr'>et</span> <span class='ocrx_word' id='word_1_143' title='bbox 893 1876 1071 1930; x_wconf 84' lang='lat' dir='ltr'>desuper</span> <span class='ocrx_word' id='word_1_144' title='bbox 1092 1875 1311 1930; x_wconf 81' lang='lat' dir='ltr'>diligenter</span> <span class='ocrx_word' id='word_1_145' title='bbox 1323 1874 1436 1926; x_wconf 87' lang='lat' dir='ltr'>frica,</span> <span class='ocrx_word' id='word_1_146' title='bbox 1450 1875 1585 1916; x_wconf 91' lang='lat' dir='ltr'>donec</span> <span class='ocrx_word' id='word_1_147' title='bbox 1598 1875 1769 1915; x_wconf 70' lang='lat' dir='ltr'>omnino</span> 
     </span>
     <span class='ocr_line' id='line_1_20' title="bbox 316 1941 1770 1997; baseline -0.001 -13"><span class='ocrx_word' id='word_1_148' title='bbox 316 1944 499 1984; x_wconf 84' lang='lat' dir='ltr'>lucidum</span> <span class='ocrx_word' id='word_1_149' title='bbox 521 1945 605 1984; x_wconf 85' lang='lat' dir='ltr'>fiat.</span> <span class='ocrx_word' id='word_1_150' title='bbox 669 1943 795 1991; x_wconf 85' lang='lat' dir='ltr'>Quod</span> <span class='ocrx_word' id='word_1_151' title='bbox 819 1943 853 1983; x_wconf 88' lang='lat' dir='ltr'>si</span> <span class='ocrx_word' id='word_1_152' title='bbox 876 1942 1136 1982; x_wconf 83' lang='lat' dir='ltr'>christallum</span> <span class='ocrx_word' id='word_1_153' title='bbox 1163 1943 1350 1997; x_wconf 89' lang='lat' dir='ltr'>sculpere</span> <span class='ocrx_word' id='word_1_154' title='bbox 1370 1941 1566 1990; x_wconf 87' lang='lat' dir='ltr'>volueris,</span> <span class='ocrx_word' id='word_1_155' title='bbox 1598 1948 1770 1997; x_wconf 87' lang='lat' dir='ltr'>accepto</span> 
     </span>
     <span class='ocr_line' id='line_1_21' title="bbox 318 2008 1771 2066; baseline -0.001 -15"><span class='ocrx_word' id='word_1_156' title='bbox 318 2013 447 2066; x_wconf 84' lang='lat' dir='ltr'>hyrco</span> <span class='ocrx_word' id='word_1_157' title='bbox 479 2011 655 2051; x_wconf 90' lang='lat' dir='ltr'>duorum</span> <span class='ocrx_word' id='word_1_158' title='bbox 677 2011 740 2051; x_wconf 92' lang='lat' dir='ltr'>vel</span> <span class='ocrx_word' id='word_1_159' title='bbox 760 2010 883 2050; x_wconf 89' lang='lat' dir='ltr'>trium</span> <span class='ocrx_word' id='word_1_160' title='bbox 906 2024 1127 2060; x_wconf 89' lang='lat' dir='ltr'>annorum,</span> <span class='ocrx_word' id='word_1_161' title='bbox 1160 2008 1447 2065; x_wconf 81' lang='lat' dir='ltr'>colligatisque</span> <span class='ocrx_word' id='word_1_162' title='bbox 1472 2009 1647 2064; x_wconf 89' lang='lat' dir='ltr'>pedibus</span> <span class='ocrx_word' id='word_1_163' title='bbox 1668 2009 1771 2064; x_wconf 89' lang='lat' dir='ltr'>ejus,</span> 
     </span>
     <span class='ocr_line' id='line_1_22' title="bbox 317 2076 1774 2133; baseline 0 -15"><span class='ocrx_word' id='word_1_164' title='bbox 317 2079 452 2119; x_wconf 87' lang='lat' dir='ltr'>incide</span> <span class='ocrx_word' id='word_1_165' title='bbox 470 2078 656 2118; x_wconf 85' lang='lat' dir='ltr'>foramen</span> <span class='ocrx_word' id='word_1_166' title='bbox 679 2077 788 2117; x_wconf 87' lang='lat' dir='ltr'>inter</span> <span class='ocrx_word' id='word_1_167' title='bbox 809 2084 955 2133; x_wconf 82' lang='lat' dir='ltr'>pectus</span> <span class='ocrx_word' id='word_1_168' title='bbox 976 2078 1066 2132; x_wconf 88' lang='lat' dir='ltr'>ejus</span> <span class='ocrx_word' id='word_1_169' title='bbox 1087 2083 1128 2117; x_wconf 89' lang='lat' dir='ltr'>et</span> <span class='ocrx_word' id='word_1_170' title='bbox 1149 2083 1348 2128; x_wconf 89' lang='lat' dir='ltr'>ventrem,</span> <span class='ocrx_word' id='word_1_171' title='bbox 1379 2077 1421 2117; x_wconf 90' lang='lat' dir='ltr'>in</span> <span class='ocrx_word' id='word_1_172' title='bbox 1441 2077 1535 2117; x_wconf 88' lang='lat' dir='ltr'>loco</span> <span class='ocrx_word' id='word_1_173' title='bbox 1557 2076 1705 2127; x_wconf 88' lang='lat' dir='ltr'>cordis,</span> <span class='ocrx_word' id='word_1_174' title='bbox 1731 2082 1774 2118; x_wconf 86' lang='lat' dir='ltr'>et</span> 
     </span>
     <span class='ocr_line' id='line_1_23' title="bbox 318 2139 1771 2201; baseline -0.001 -15"><span class='ocrx_word' id='word_1_175' title='bbox 318 2139 486 2201; x_wconf 81' lang='lat' dir='ltr'>impone</span> <span class='ocrx_word' id='word_1_176' title='bbox 508 2145 775 2195; x_wconf 82' lang='lat' dir='ltr'>christallum,</span> <span class='ocrx_word' id='word_1_177' title='bbox 794 2145 853 2185; x_wconf 83' lang='lat' dir='ltr'>ita</span> <span class='ocrx_word' id='word_1_178' title='bbox 874 2150 920 2184; x_wconf 84' lang='lat' dir='ltr'>ut</span> <span class='ocrx_word' id='word_1_179' title='bbox 940 2144 983 2184; x_wconf 91' lang='lat' dir='ltr'>in</span> <span class='ocrx_word' id='word_1_180' title='bbox 1005 2143 1209 2199; x_wconf 86' lang='lat' dir='ltr'>sanguine</span> <span class='ocrx_word' id='word_1_181' title='bbox 1230 2144 1320 2200; x_wconf 88' lang='lat' dir='ltr'>ejus</span> <span class='ocrx_word' id='word_1_182' title='bbox 1335 2144 1488 2199; x_wconf 86' lang='lat' dir='ltr'>jaceat,</span> <span class='ocrx_word' id='word_1_183' title='bbox 1504 2144 1639 2184; x_wconf 90' lang='lat' dir='ltr'>donec</span> <span class='ocrx_word' id='word_1_184' title='bbox 1660 2144 1771 2184; x_wconf 90' lang='lat' dir='ltr'>cale-</span> 
     </span>
     <span class='ocr_line' id='line_1_24' title="bbox 320 2210 1771 2268; baseline 0 -16"><span class='ocrx_word' id='word_1_185' title='bbox 320 2214 406 2254; x_wconf 85' lang='lat' dir='ltr'>fiat.</span> <span class='ocrx_word' id='word_1_186' title='bbox 468 2212 596 2260; x_wconf 87' lang='lat' dir='ltr'>Quod</span> <span class='ocrx_word' id='word_1_187' title='bbox 617 2227 717 2253; x_wconf 86' lang='lat' dir='ltr'>mox</span> <span class='ocrx_word' id='word_1_188' title='bbox 740 2212 908 2268; x_wconf 87' lang='lat' dir='ltr'>ejiciens</span> <span class='ocrx_word' id='word_1_189' title='bbox 932 2212 1068 2252; x_wconf 88' lang='lat' dir='ltr'>incide</span> <span class='ocrx_word' id='word_1_190' title='bbox 1090 2212 1131 2252; x_wconf 91' lang='lat' dir='ltr'>in</span> <span class='ocrx_word' id='word_1_191' title='bbox 1153 2226 1203 2252; x_wconf 89' lang='lat' dir='ltr'>eo</span> <span class='ocrx_word' id='word_1_192' title='bbox 1225 2212 1336 2267; x_wconf 92' lang='lat' dir='ltr'>quod</span> <span class='ocrx_word' id='word_1_193' title='bbox 1359 2210 1549 2261; x_wconf 84' lang='lat' dir='ltr'>volueris,</span> <span class='ocrx_word' id='word_1_194' title='bbox 1570 2211 1771 2266; x_wconf 76' lang='lat' dir='ltr'>quamdiu</span> 
     </span>
     <span class='ocr_line' id='line_1_25' title="bbox 285 2277 1772 2335; baseline -0.001 -14"><span class='ocrx_word' id='word_1_195' title='bbox 285 2296 290 2301; x_wconf 90' lang='lat'><em>·</em></span> <span class='ocrx_word' id='word_1_196' title='bbox 320 2281 434 2321; x_wconf 87' lang='lat' dir='ltr'>calor</span> <span class='ocrx_word' id='word_1_197' title='bbox 463 2280 529 2320; x_wconf 92' lang='lat' dir='ltr'>ille</span> <span class='ocrx_word' id='word_1_198' title='bbox 551 2280 685 2330; x_wconf 85' lang='lat' dir='ltr'>durat,</span> <span class='ocrx_word' id='word_1_199' title='bbox 718 2286 759 2321; x_wconf 90' lang='lat' dir='ltr'>et</span> <span class='ocrx_word' id='word_1_200' title='bbox 779 2294 873 2320; x_wconf 91' lang='lat' dir='ltr'>cum</span> <span class='ocrx_word' id='word_1_201' title='bbox 906 2280 1059 2335; x_wconf 85' lang='lat' dir='ltr'>ceperit</span> <span class='ocrx_word' id='word_1_202' title='bbox 1090 2278 1353 2334; x_wconf 82' lang='lat' dir='ltr'>refrigescere</span> <span class='ocrx_word' id='word_1_203' title='bbox 1383 2284 1508 2334; x_wconf 86' lang='lat' dir='ltr'>atque</span> <span class='ocrx_word' id='word_1_204' title='bbox 1539 2277 1772 2330; x_wconf 78' lang='lat' dir='ltr'>durescere,</span> 
     </span>
     <span class='ocr_line' id='line_1_26' title="bbox 321 2345 1772 2402; baseline 0 -15"><span class='ocrx_word' id='word_1_205' title='bbox 321 2362 481 2388; x_wconf 85' lang='lat' dir='ltr'>rursum</span> <span class='ocrx_word' id='word_1_206' title='bbox 514 2361 665 2402; x_wconf 86' lang='lat' dir='ltr'>repone</span> <span class='ocrx_word' id='word_1_207' title='bbox 693 2347 733 2386; x_wconf 91' lang='lat' dir='ltr'>in</span> <span class='ocrx_word' id='word_1_208' title='bbox 767 2347 969 2402; x_wconf 85' lang='lat' dir='ltr'>sanguine</span> <span class='ocrx_word' id='word_1_209' title='bbox 998 2346 1129 2401; x_wconf 85' lang='lat' dir='ltr'>hyrci,</span> <span class='ocrx_word' id='word_1_210' title='bbox 1159 2345 1491 2401; x_wconf 89' lang='lat' dir='ltr'>calefactumque</span> <span class='ocrx_word' id='word_1_211' title='bbox 1512 2345 1649 2386; x_wconf 76' lang='lat' dir='ltr'>denuo</span> <span class='ocrx_word' id='word_1_212' title='bbox 1671 2346 1772 2400; x_wconf 88' lang='lat' dir='ltr'>ejice</span> 
     </span>
     <span class='ocr_line' id='line_1_27' title="bbox 321 2412 1771 2469; baseline -0.001 -14"><span class='ocrx_word' id='word_1_213' title='bbox 321 2421 362 2455; x_wconf 90' lang='lat' dir='ltr'>et</span> <span class='ocrx_word' id='word_1_214' title='bbox 381 2413 529 2463; x_wconf 88' lang='lat' dir='ltr'>incide,</span> <span class='ocrx_word' id='word_1_215' title='bbox 561 2412 704 2469; x_wconf 86' lang='lat' dir='ltr'>sicque</span> <span class='ocrx_word' id='word_1_216' title='bbox 726 2413 852 2454; x_wconf 89' lang='lat' dir='ltr'>facies</span> <span class='ocrx_word' id='word_1_217' title='bbox 881 2414 1015 2454; x_wconf 87' lang='lat' dir='ltr'>donec</span> <span class='ocrx_word' id='word_1_218' title='bbox 1047 2414 1303 2468; x_wconf 83' lang='lat' dir='ltr'>sculpturam</span> <span class='ocrx_word' id='word_1_219' title='bbox 1333 2413 1568 2468; x_wconf 84' lang='lat' dir='ltr'>compleas;</span> <span class='ocrx_word' id='word_1_220' title='bbox 1601 2413 1654 2453; x_wconf 87' lang='lat' dir='ltr'>ad</span> <span class='ocrx_word' id='word_1_221' title='bbox 1676 2414 1771 2453; x_wconf 91' lang='lat' dir='ltr'>ulti-</span> 
     </span>
     <span class='ocr_line' id='line_1_28' title="bbox 322 2480 1773 2536; baseline -0.001 -14"><span class='ocrx_word' id='word_1_222' title='bbox 322 2496 436 2522; x_wconf 91' lang='lat' dir='ltr'>mum</span> <span class='ocrx_word' id='word_1_223' title='bbox 457 2483 553 2522; x_wconf 71' lang='lat' dir='ltr'>vero</span> <span class='ocrx_word' id='word_1_224' title='bbox 582 2481 829 2521; x_wconf 86' lang='lat' dir='ltr'>calefactum</span> <span class='ocrx_word' id='word_1_225' title='bbox 852 2487 892 2522; x_wconf 92' lang='lat' dir='ltr'>et</span> <span class='ocrx_word' id='word_1_226' title='bbox 913 2482 1090 2536; x_wconf 82' lang='lat' dir='ltr'>ejectum</span> <span class='ocrx_word' id='word_1_227' title='bbox 1117 2495 1212 2521; x_wconf 89' lang='lat' dir='ltr'>cum</span> <span class='ocrx_word' id='word_1_228' title='bbox 1234 2494 1375 2536; x_wconf 85' lang='lat' dir='ltr'>panno</span> <span class='ocrx_word' id='word_1_229' title='bbox 1396 2481 1517 2520; x_wconf 88' lang='lat' dir='ltr'>laneo</span> <span class='ocrx_word' id='word_1_230' title='bbox 1539 2480 1706 2521; x_wconf 89' lang='lat' dir='ltr'>fricabis</span> <span class='ocrx_word' id='word_1_231' title='bbox 1726 2487 1773 2521; x_wconf 88' lang='lat' dir='ltr'>ut</span> 
     </span>
     <span class='ocr_line' id='line_1_29' title="bbox 320 2545 1771 2603; baseline -0.001 -13"><span class='ocrx_word' id='word_1_232' title='bbox 320 2564 416 2590; x_wconf 86' lang='lat' dir='ltr'>cum</span> <span class='ocrx_word' id='word_1_233' title='bbox 439 2549 586 2590; x_wconf 92' lang='lat' dir='ltr'>eodem</span> <span class='ocrx_word' id='word_1_234' title='bbox 618 2548 821 2603; x_wconf 81' lang='lat' dir='ltr'>sanguine</span> <span class='ocrx_word' id='word_1_235' title='bbox 843 2548 879 2589; x_wconf 89' lang='lat' dir='ltr'>ei</span> <span class='ocrx_word' id='word_1_236' title='bbox 902 2548 1106 2602; x_wconf 84' lang='lat' dir='ltr'>fulgorem</span> <span class='ocrx_word' id='word_1_237' title='bbox 1137 2547 1342 2603; x_wconf 77' lang='lat' dir='ltr'>acquiras·</span> <span class='ocrx_word' id='word_1_238' title='bbox 1402 2545 1447 2588; x_wconf 85' lang='lat' dir='ltr'>Si</span> <span class='ocrx_word' id='word_1_239' title='bbox 1468 2553 1607 2588; x_wconf 85' lang='lat' dir='ltr'>autem</span> <span class='ocrx_word' id='word_1_240' title='bbox 1636 2548 1771 2588; x_wconf 85' lang='lat' dir='ltr'>nodos</span> 
     </span>
     <span class='ocr_line' id='line_1_30' title="bbox 320 2614 1773 2670; baseline -0.001 -13"><span class='ocrx_word' id='word_1_241' title='bbox 320 2618 455 2658; x_wconf 87' lang='lat' dir='ltr'>facere</span> <span class='ocrx_word' id='word_1_242' title='bbox 494 2615 675 2656; x_wconf 90' lang='lat' dir='ltr'>volueris</span> <span class='ocrx_word' id='word_1_243' title='bbox 715 2631 767 2657; x_wconf 85' lang='lat' dir='ltr'>ex</span> <span class='ocrx_word' id='word_1_244' title='bbox 814 2615 1039 2665; x_wconf 85' lang='lat' dir='ltr'>christallo,</span> <span class='ocrx_word' id='word_1_245' title='bbox 1063 2615 1132 2670; x_wconf 89' lang='lat' dir='ltr'>qui</span> <span class='ocrx_word' id='word_1_246' title='bbox 1176 2614 1334 2656; x_wconf 86' lang='lat' dir='ltr'>baculis</span> <span class='ocrx_word' id='word_1_247' title='bbox 1375 2615 1667 2669; x_wconf 89' lang='lat' dir='ltr'>episcoporum</span> <span class='ocrx_word' id='word_1_248' title='bbox 1706 2617 1773 2656; x_wconf 89' lang='lat' dir='ltr'>vel</span> 
     </span>
     <span class='ocr_line' id='line_1_31' title="bbox 320 2681 1771 2737; baseline 0 -13"><span class='ocrx_word' id='word_1_249' title='bbox 320 2684 464 2724; x_wconf 81' lang='lat' dir='ltr'>caudae</span> <span class='ocrx_word' id='word_1_250' title='bbox 492 2682 618 2723; x_wconf 88' lang='lat' dir='ltr'>labris</span> <span class='ocrx_word' id='word_1_251' title='bbox 648 2683 811 2737; x_wconf 85' lang='lat' dir='ltr'>possint</span> <span class='ocrx_word' id='word_1_252' title='bbox 850 2682 1007 2737; x_wconf 87' lang='lat' dir='ltr'>inponi,</span> <span class='ocrx_word' id='word_1_253' title='bbox 1046 2682 1126 2722; x_wconf 94' lang='lat' dir='ltr'>hoc</span> <span class='ocrx_word' id='word_1_254' title='bbox 1154 2682 1280 2723; x_wconf 88' lang='lat' dir='ltr'>modo</span> <span class='ocrx_word' id='word_1_255' title='bbox 1319 2681 1548 2737; x_wconf 83' lang='lat' dir='ltr'>perforabis</span> <span class='ocrx_word' id='word_1_256' title='bbox 1577 2696 1672 2733; x_wconf 85' lang='lat' dir='ltr'>eos3</span> <span class='ocrx_word' id='word_1_257' title='bbox 1705 2682 1771 2724; x_wconf 86' lang='lat' dir='ltr'>fac</span> 
     </span>
     <span class='ocr_line' id='line_1_32' title="bbox 319 2749 1772 2805; baseline -0.001 -12"><span class='ocrx_word' id='word_1_258' title='bbox 319 2752 394 2793; x_wconf 89' lang='lat' dir='ltr'>tibi</span> <span class='ocrx_word' id='word_1_259' title='bbox 429 2751 535 2791; x_wconf 87' lang='lat' dir='ltr'>duos</span> <span class='ocrx_word' id='word_1_260' title='bbox 571 2751 744 2790; x_wconf 85' lang='lat' dir='ltr'>malleos</span> <span class='ocrx_word' id='word_1_261' title='bbox 779 2764 973 2790; x_wconf 87' lang='lat' dir='ltr'>mensura</span> <span class='ocrx_word' id='word_1_262' title='bbox 1009 2749 1179 2790; x_wconf 84' lang='lat' dir='ltr'>minoris</span> <span class='ocrx_word' id='word_1_263' title='bbox 1217 2750 1334 2805; x_wconf 87' lang='lat' dir='ltr'>digiti</span> <span class='ocrx_word' id='word_1_264' title='bbox 1377 2764 1560 2803; x_wconf 82' lang='lat' dir='ltr'>grossos,</span> <span class='ocrx_word' id='word_1_265' title='bbox 1594 2755 1635 2790; x_wconf 90' lang='lat' dir='ltr'>et</span> <span class='ocrx_word' id='word_1_266' title='bbox 1667 2753 1772 2804; x_wconf 74' lang='lat' dir='ltr'>pene</span> 
     </span>
     <span class='ocr_line' id='line_1_33' title="bbox 321 2814 1771 2874; baseline -0.001 -16"><span class='ocrx_word' id='word_1_267' title='bbox 321 2819 445 2874; x_wconf 87' lang='lat' dir='ltr'>palmi</span> <span class='ocrx_word' id='word_1_268' title='bbox 468 2831 660 2858; x_wconf 87' lang='lat' dir='ltr'>mensura</span> <span class='ocrx_word' id='word_1_269' title='bbox 679 2818 844 2872; x_wconf 83' lang='lat' dir='ltr'>longos,</span> <span class='ocrx_word' id='word_1_270' title='bbox 872 2824 913 2858; x_wconf 86' lang='lat' dir='ltr'>et</span> <span class='ocrx_word' id='word_1_271' title='bbox 933 2817 975 2856; x_wconf 90' lang='lat' dir='ltr'>in</span> <span class='ocrx_word' id='word_1_272' title='bbox 998 2823 1171 2872; x_wconf 81' lang='lat' dir='ltr'>utraque</span> <span class='ocrx_word' id='word_1_273' title='bbox 1194 2818 1432 2858; x_wconf 85' lang='lat' dir='ltr'>summitate</span> <span class='ocrx_word' id='word_1_274' title='bbox 1454 2814 1576 2857; x_wconf 63' lang='lat' dir='ltr'>valde</span> <span class='ocrx_word' id='word_1_275' title='bbox 1597 2816 1771 2871; x_wconf 83' lang='lat' dir='ltr'>graciles</span> 
     </span>
     <span class='ocr_line' id='line_1_34' title="bbox 321 2883 1770 2940; baseline -0.003 -13"><span class='ocrx_word' id='word_1_276' title='bbox 321 2893 362 2927; x_wconf 88' lang='lat' dir='ltr'>et</span> <span class='ocrx_word' id='word_1_277' title='bbox 382 2886 486 2926; x_wconf 83' lang='lat' dir='ltr'>bene</span> <span class='ocrx_word' id='word_1_278' title='bbox 503 2884 718 2925; x_wconf 87' lang='lat' dir='ltr'>calibatos.</span> <span class='ocrx_word' id='word_1_279' title='bbox 781 2884 973 2940; x_wconf 89' lang='lat' dir='ltr'>Cumque</span> <span class='ocrx_word' id='word_1_280' title='bbox 991 2885 1148 2926; x_wconf 87' lang='lat' dir='ltr'>nodum</span> <span class='ocrx_word' id='word_1_281' title='bbox 1171 2884 1414 2926; x_wconf 85' lang='lat' dir='ltr'>formaveris</span> <span class='ocrx_word' id='word_1_282' title='bbox 1432 2884 1567 2925; x_wconf 92' lang='lat' dir='ltr'>incide</span> <span class='ocrx_word' id='word_1_283' title='bbox 1594 2884 1636 2924; x_wconf 90' lang='lat' dir='ltr'>in</span> <span class='ocrx_word' id='word_1_284' title='bbox 1657 2883 1770 2939; x_wconf 83' lang='lat' dir='ltr'>ligno</span> 
     </span>
    </p>
   </div>
   <div class='ocr_carea' id='block_1_6' title="bbox 1862 1003 1970 3202">
    <p class='ocr_par' dir='ltr' id='par_1_6' title="bbox 1862 1003 1970 3202">
     <span class='ocr_line' id='line_1_35' title="bbox 1862 1003 1970 3202; baseline 0 0"><span class='ocrx_word' id='word_1_285' title='bbox 1862 1003 1970 3202; x_wconf 95' lang='lat' dir='ltr'> </span> 
     </span>
    </p>
   </div>
   <div class='ocr_carea' id='block_1_7' title="bbox 1960 171 1970 321">
    <p class='ocr_par' dir='ltr' id='par_1_7' title="bbox 1960 171 1970 321">
     <span class='ocr_line' id='line_1_36' title="bbox 1960 171 1970 321; textangle 90"><span class='ocrx_word' id='word_1_286' title='bbox 1966 309 1970 321; x_wconf 69' lang='grc'>.,</span> <span class='ocrx_word' id='word_1_287' title='bbox 1967 293 1970 302; x_wconf 65' lang='grc'>..</span> <span class='ocrx_word' id='word_1_288' title='bbox 1960 201 1970 282; x_wconf 44' lang='lat' dir='ltr'>„h-h.</span> <span class='ocrx_word' id='word_1_289' title='bbox 1966 171 1970 195; x_wconf 57' lang='lat' dir='ltr'>„m</span> 
     </span>
    </p>
   </div>
  </div>
 </body>
</html>
