1970 3202
317 291 399 331 340
768 300 1018 334 'THEOPHILI
1053 307 1186 335 mmm
1219 309 1286 335 111.

316 404 490 459 ligenter
520 420 641 461 super
663 413 866 448 vetustam
896 408 1185 450 deauraturam
1218 409 1258 449 in
1291 423 1420 464 cupro
1451 408 1535 450 sive
1567 413 1755 464 argento,

315 468 629 530 quae'fulgorem
651 473 770 515 suum
802 476 1034 531 perdiderit,
1065 477 1124 518 sic
1156 477 1399 518 utssomnino
1422 476 1694 533 cooperiatur,
1715 481 1757 516 et

315 542 424 582 sines
443 541 501 583 ita
522 557 688 584 manere
718 558 790 599 per
810 550 987 586 noctem.
1049 545 1242 587 Secunda
1262 560 1359 587 vero
1380 545 1446 586 die
1467 544 1578 601 aqua
1598 543 1757 585 lavabis

315 623 411 650 cum
431 611 589 653 eisdem
611 612 708 653 setis
729 614 855 654 semel
877 620 920 655 et
947 613 1110 666 iterum,
1130 620 1255 671 atque
1275 614 1398 656 tertio
1419 613 1644 670 perfundes
1663 611 1757 652 lim-

315 677 413 732 pida
433 693 554 735 aqua,
575 680 815 737 videbisque
836 696 927 722 eam
949 682 1106 738 fulgere
1126 682 1234 723 sicut
1254 682 1453 738 placuerit
1473 680 1602 722 oculis
1622 679 1715 720 tuis.

704 1052 1007 1114 CAPUT
1091 1052 1359 1114 LXXX.

629 1200 687 1226 DE
718 1199 964 1226 PURGANDO
996 1198 1117 1226 AURO
1149 1198 1203 1225 ET
1233 1198 1454 1225 ARGENTO.

397 1298 413 1338 Ι
438 1312 580 1339 aurum
603 1306 644 1340 et
673 1306 890 1354 argentum
921 1298 1084 1339 laminis
1110 1305 1368 1339 attenuatum
1391 1305 1515 1354 atque
1537 1299 1663 1340 clavis
1683 1299 1757 1340 ali-

450 1367 543 1408 cubi
578 1367 789 1408 confixum
830 1367 1092 1422 denigratum
1123 1373 1328 1407 vetustate
1363 1367 1496 1418 fuerit,
1531 1368 1628 1408 tolle
1663 1382 1756 1409 car·

314 1435 444 1477 bones
466 1436 607 1490 nigros
628 1443 669 1477 et
687 1435 960 1476 minutissime
976 1443 1060 1476 tere
1077 1449 1148 1476 eos
1170 1441 1297 1491 atque
1318 1449 1390 1490 per
1405 1450 1589 1491 pannum
1606 1436 1755 1487 cribra,

314 1519 562 1561 sumensque
576 1520 760 1560 pannum
769 1504 921 1545 lineum
934 1503 1019 1545 sive
1032 1503 1196 1544 laneum
1205 1503 1316 1559 aqu&
1324 1504 1615 1556 madefactum,
1625 1520 1756 1561 pones

314 1588 436 1629 super
454 1574 566 1629 ipsos
587 1573 802 1624 carbones,
824 1573 1071 1628 elevansque
1092 1572 1259 1613 fricabis
1279 1572 1496 1628 diligenter
1517 1588 1589 1629 per
1614 1573 1756 1615 omnia

315 1655 461 1682 aurum
478 1642 541 1682 vel
557 1648 790 1697 argentum,
812 1641 944 1682 donec
961 1655 1127 1682 omnem
1145 1640 1405 1695 nigredinem
1421 1641 1598 1693 auferas,
1615 1642 1756 1698 sicque

315 1709 474 1751 lavabis
504 1709 629 1766 aqua,
661 1716 704 1750 et
735 1710 821 1750 sole
857 1709 942 1750 sive
973 1709 1070 1764 igne
1098 1709 1163 1749 vel
1197 1723 1338 1765 panno
1371 1709 1569 1762 siccabis3
1605 1710 1755 1751 deinde

313 1778 413 1819 tolle
443 1785 597 1819 cretam
629 1777 865 1828 candidam,
896 1783 938 1818 et
967 1776 1237 1818 minutissime
1268 1776 1367 1818 rade
1395 1776 1437 1817 in
1458 1792 1569 1828 vase,
1600 1784 1642 1818 et
1661 1791 1756 1818 cum

313 1845 422 1887 lineo
457 1860 595 1901 panno
630 1846 688 1887 ita
719 1846 873 1886 siccam
907 1845 1073 1893 fricabis
1105 1860 1228 1901 super
1262 1859 1407 1886 aurum
1439 1846 1502 1887 vel
1537 1851 1755 1902 argentum

312 1915 485 1965 tamdiu,
524 1914 657 1955 donec
699 1915 914 1969 pristinum
951 1914 1155 1970 fulgorem
1191 1913 1373 1969 recipiat.
1434 1902 1597 1955 Eodem
1629 1913 1756 1955 modo

314 1991 547 2038 purgantur
567 1998 679 2024 vasa.

679 2364 990 2427 CAPUT
1068 2361 1387 2426 LXXXL

883 2510 942 2537 DE
974 2508 1182 2537 ORGANIS.

412 2608 689 2650 ACTURUS
717 2621 874 2663 organa
903 2605 1081 2661 primum
1111 2604 1264 2644 habeat
1292 2602 1510 2643 lectionem
1539 2615 1754 2654 mensurae,

441 2678 615 2734 qualiter
642 2676 775 2717 metiri
797 2675 978 2716 debeant
999 2673 1147 2713 fistulae
1170 2686 1317 2727 graves
1339 2678 1379 2711 et
1399 2677 1531 2711 acutae
1553 2677 1595 2710 et
1615 2684 1753 2725 super-

313 2755 444 2788 acutae
457 2763 467 2798 ;
499 2747 649 2787 deinde
668 2746 791 2786 faciat
819 2743 897 2786 sibi
918 2743 1068 2784 ferrum
1097 2742 1267 2796 longum
1290 2746 1332 2781 et
1352 2753 1541 2795 grossum
1563 2738 1616 2779 ad
1639 2753 1754 2779 men-

312 2829 464 2865 suram,
480 2830 563 2871 qua
582 2815 671 2855 vult
690 2813 845 2854 habere
860 2811 1034 2862 fistulas,
1055 2809 1167 2866 quod
1189 2808 1242 2850 sit
1261 2808 1303 2849 in
1324 2808 1508 2858 circuitu,
1530 2806 1752 2848 rotundum

285 2935 287 2938 ἱ
311 2883 475 2927 summ&
494 2882 707 2938 diligentia
726 2882 916 2922 limatum
938 2885 979 2920 et
999 2878 1185 2934 politum,
1208 2878 1248 2918 in
1270 2891 1355 2918 una
1376 2875 1612 2918 summitate
1634 2889 1752 2931 gros—

311 2953 395 2994 sius
414 2958 454 2993 et
475 2950 636 2992 modice
657 2955 930 3000 attenuatum,
959 2947 1016 2988 ita
1035 2953 1081 2988 ut
1102 2946 1233 3002 possit
1253 2946 1395 3002 inponi
1416 2945 1456 2985 in
1479 2944 1652 2985 alterum
1674 2943 1752 2983 fer-
