1970 3202
306 278 390 320 298
775 290 1026 319 THEOPHILI
1060 291 1196 319 mmm
1227 291 1296 319 111.

308 405 399 432 rum
420 390 590 433 nomina
611 391 766 433 scribes
787 391 830 432 in
846 391 1030 433 inferiori
1052 392 1180 433 limbo
1201 391 1386 448 ejusdem
1403 391 1538 447 spatii,
1553 395 1595 432 et
1615 390 1655 431 in
1671 391 1755 432 sin—

308 459 416 514 gulis
448 458 613 515 angulis
639 460 763 515 juxta
784 459 942 515 lapides
975 460 1102 501 facies
1124 460 1309 515 singulas
1341 459 1589 501 fenestellas.
1650 459 1754 500 Haec

305 526 384 567 erit
418 526 643 570 similitudo
684 528 736 569 de
776 542 860 584 qua
898 528 1103 583 propheta
1142 527 1266 569 dicit:
1307 527 1375 568 Ab
1417 526 1590 569 Oriente
1624 532 1755 582 portae

307 600 404 646 tres,
425 601 467 636 et
496 596 550 636 ab
572 595 803 637 Occidente
823 601 954 651 portae
974 601 1070 647 tres,
1091 601 1132 637 et
1162 610 1188 637 a
1222 595 1462 636 Meridiano
1495 600 1626 650 portae
1657 600 1755 646 tres,

307 670 350 705 et
369 678 394 705 a
415 662 705 720 Septentrione
725 669 856 720 portae
881 669 977 705 tres.
1038 663 1090 704 In
1122 668 1300 720 quatuor
1320 668 1459 704 autem
1480 663 1656 719 angulis,
1684 663 1756 719 qui

307 738 406 773 sunt
424 732 531 773 inter
551 731 777 773 divisiones
789 736 1017 787 portarum,
1036 731 1237 772 formabis
1258 730 1301 772 in
1316 745 1410 772 cera
1430 731 1614 787 singulas
1634 731 1756 772 turri—

307 800 423 841 culas
443 799 658 851 rotundas,
673 813 745 855 per
764 813 869 855 quas
886 804 1045 840 catenae
1057 798 1304 840 transibunt.
1365 798 1445 840 His
1465 798 1524 840 ita
1543 798 1757 855 dispositis

307 866 434 908 facies
454 866 498 907 in
517 866 709 922 proxima
729 866 930 921 superiori
950 866 1052 907 turri
1079 866 1266 920 singulas
1286 866 1491 922 imagines
1511 867 1757 922 angelorum

307 935 489 990 integras
510 934 554 975 in
582 933 882 990 quadrangulis
912 934 1072 990 spatiis,
1094 933 1126 986 (¹
1142 948 1238 976 cum
1268 934 1397 975 scutis
1418 940 1461 975 et
1479 934 1634 975 lanceis
1655 934 1756 986 suis,

306 1001 427 1058 quasi
446 1001 499 1042 ad
522 1001 757 1043 custodiam
777 1016 990 1043 murorum
1011 1006 1183 1053 stantes,
1204 1006 1246 1043 et
1274 1001 1317 1042 in
1344 1001 1533 1043 rotundis
1553 1001 1757 1042 turriculis

307 1068 507 1111 formabis
528 1070 797 1111 columnellas
818 1084 914 1111 cum
945 1069 1147 1126 capitellis
1168 1069 1255 1111 suis
1275 1075 1317 1111 et
1346 1069 1529 1112 basibus.
1592 1069 1757 1111 Eodem

306 1138 434 1180 modo
455 1137 583 1179 facies
604 1137 648 1178 in
667 1137 899 1194 penultima
918 1138 1034 1191 turri,
1049 1153 1144 1194 quae
1158 1138 1324 1180 brevior
1339 1143 1416 1190 est,
1439 1137 1632 1179 dimidias
1652 1138 1757 1179 ima-

305 1205 425 1261 gines
445 1206 689 1262 angelorum
711 1211 753 1247 et
771 1206 861 1262 pari
878 1206 1005 1248 modo
1026 1205 1310 1248 columnellas.
1372 1205 1423 1246 In
1444 1205 1644 1261 superiori
1659 1220 1758 1247 vero

305 1272 421 1325 turri,
442 1288 534 1329 quae
555 1274 747 1330 gracilior
767 1274 856 1326 erit,
876 1274 1005 1315 facies
1026 1274 1227 1315 fenestras
1248 1274 1396 1329 longas
1417 1278 1460 1314 et
1484 1273 1698 1325 rotundas,
1717 1279 1759 1315 et

305 1341 349 1382 in
370 1341 608 1383 summitate
628 1342 750 1383 turris
771 1342 1085 1398 propugnacula
1100 1341 1144 1382 in
1156 1341 1342 1393 circuitu,
1362 1341 1405 1382 in
1426 1356 1604 1398 quorum
1621 1341 1758 1383 medio

307 1409 506 1451 formabis
527 1423 697 1465 agnum,
719 1415 761 1451 et
780 1410 822 1451 in
843 1409 979 1466 capite
1000 1410 1090 1466 ejus
1111 1424 1311 1451 coronam
1332 1414 1375 1450 et
1395 1424 1576 1462 crucem,
1590 1415 1632 1451 et
1649 1409 1759 1452 circa

306 1477 478 1519 dorsum
500 1477 589 1532 ejus
610 1477 779 1519 brevem
801 1492 957 1529 arcum,
978 1477 1020 1518 in
1042 1478 1161 1533 eujus
1182 1477 1420 1519 summitate
1440 1477 1494 1518 sit
1513 1478 1674 1529 anulus,
1691 1478 1758 1519 cui

307 1544 545 1602 imponatur
580 1545 719 1587 media
755 1551 916 1588 catena.
979 1545 1090 1587 Haec
1121 1551 1184 1586 est
1218 1545 1404 1601 superior
1435 1559 1532 1600 pars
1562 1545 1758 1587 thuribuli

307 1627 405 1654 cum
423 1628 546 1669 opere
565 1629 655 1655 suo.

367 1681 559 1724 Inferior-i
581 1697 679 1724 vero
702 1688 818 1738 parte
839 1681 962 1723 simili
982 1682 1109 1723 modo
1131 1682 1330 1737 cooperta
1359 1681 1467 1733 cera,
1489 1681 1689 1723 formabis
1715 1682 1759 1723 in

306 1749 480 1806 singulis
501 1749 645 1805 spatiis
678 1750 863 1806 singulas
884 1749 1089 1806 imagines
1122 1749 1419 1806 prophetarum
1441 1763 1537 1790 cum
1562 1748 1647 1790 suis
1667 1749 1759 1790 bre-

306 1818 442 1869 vibus,
463 1823 505 1859 et
524 1818 688 1873 aptabis
707 1818 931 1875 unicuique
951 1817 1142 1874 apostolo
1163 1816 1480 1858 convenientem
1497 1815 1758 1872 prophetam,

305 1890 352 1925 ut
371 1884 788 1937 testimonia-eorum,
810 1900 904 1942 quae
925 1884 1121 1927 brevibus
1142 1890 1238 1925 sunt
1257 1883 1536 1937 inscribenda,
1559 1885 1639 1926 sibi
1659 1900 1759 1926 con-

306 1952 513 2004 cordent.)
573 1951 697 1994 Circa
717 1953 942 2009 prophetas
958 1967 1056 1994 vero
1077 1966 1162 1993 non
1176 1951 1303 1993 facies
1322 1958 1479 2008 portas,
1501 1953 1574 1994 sed
1595 1958 1759 1994 tantum

307 2019 443 2075 spatia
463 2034 604 2062 earum
626 2020 710 2062 sint
738 2021 1041 2077 quadrangula,
1060 2026 1102 2062 et
1128 2019 1172 2060 in
1191 2019 1330 2061 limbis
1351 2034 1474 2075 super
1502 2020 1641 2076 capita
1661 2020 1761 2062 scri-

306 2087 461 2147 bantur
495 2102 639 2129 eorum
672 2088 856 2130 nomina.
918 2087 1065 2130 Facies
1098 2102 1266 2144 quoque
1300 2088 1345 2129 in
1378 2087 1543 2144 angulis
1583 2093 1760 2144 quatuor

306 2160 439 2197 turres
460 2155 503 2196 in
524 2156 675 2212 quibus
708 2162 869 2198 catenae
888 2156 1105 2197 firmentur
1124 2161 1171 2197 ut
1196 2155 1477 2211 superioribus
1497 2161 1758 2211 coaptentur.

309 2223 361 2264 In
382 2223 565 2265 inferiori
583 2238 682 2266 vero
714 2224 894 2266 rotundo
916 2223 1051 2280 spatio
1072 2223 1200 2265 facies
1233 2223 1408 2265 circulos
1429 2229 1533 2279 quot
1564 2224 1760 2280 potueris,
1784 2225 1789 2230 ’

307 2292 374 2333 vel
398 2291 590 2343 volueris,
621 2291 663 2332 in
695 2291 847 2349 quibus
879 2291 1079 2332 formabis
1112 2291 1298 2347 singulas
1333 2291 1537 2347 imagines
1562 2291 1760 2332 virtutum

307 2358 517 2411 dimidias,
538 2359 676 2415 specie
706 2358 906 2401 feminina
925 2373 1102 2414 quarum
1132 2357 1306 2399 nomina
1335 2358 1490 2399 scribes
1519 2358 1562 2399 in
1583 2358 1758 2400 circulis.

308 2426 376 2467 Ad
397 2432 655 2482 postremum
676 2432 816 2468 autem
835 2426 880 2467 in
899 2425 1030 2467 fundo
1051 2426 1251 2467 formabis
1271 2426 1421 2482 pedem
1442 2431 1484 2467 et
1503 2426 1703 2478 tornabis‚
1719 2432 1762 2467 et

308 2493 451 2535 omnia
472 2494 607 2550 spatia
627 2494 737 2536 circa
768 2493 974 2550 imagines
995 2493 1184 2549 superius
1204 2498 1246 2535 et
1277 2492 1446 2534 inferius
1475 2498 1597 2534 erunt
1625 2498 1761 2535 trans-

308 2562 456 2603 forata.
519 2561 686 2603 Deinde
706 2561 928 2618 unicuique
943 2561 1052 2616 parti
1073 2560 1158 2602 suis
1178 2559 1389 2602 infusoriis
1402 2566 1527 2616 atque
1547 2560 1760 2617 spiraculis

308 2629 511 2686 inpositis,
529 2630 803 2672 circumlinies
823 2629 1043 2686 diligenter
1059 2628 1248 2684 argillam
1263 2635 1432 2670 tenuem
1453 2634 1494 2670 et
1514 2629 1691 2671 siccabis
1706 2630 1759 2671 ad

308 2698 453 2750 solem,
470 2713 718 2754 rursumque
735 2704 776 2740 et
787 2697 908 2740 tertio
921 2697 1048 2739 facies
1061 2696 1264 2749 similiter;
1297 2711 1390 2753 quae
1406 2702 1543 2753 partes
1559 2703 1762 2739 vocantur

350 2852 359 2870 ¹
383 2854 504 2885 Eadem
521 2854 608 2884 verba
624 2858 648 2884 et
668 2853 823 2894 sequentia
844 2863 934 2895 usque
956 2854 1001 2885 ad
1022 2854 1042 2870 ‘¹
1055 2852 1111 2884 sibi
1134 2853 1313 2886 concordent
1327 2852 1343 2866 ''
1359 2854 1470 2885 omittit
1487 2854 1561 2885 cod.
1578 2853 1673 2885 Harl.
1690 2854 1758 2885 Ad-

307 2908 446 2940 didimus
461 2919 495 2940 ex
513 2909 585 2940 cod.
605 2909 733 2948 Guelplz.

1955 1221 1961 1235 ·—
1956 1198 1970 1208 Α,
1952 1116 1966 1182 nent
1959 1092 1965 1105 -.
