1970 3202
326 239 383 278 26
811 253 1062 281 THEOPHILI
1095 255 1232 282 mmm
1263 256 1292 282 1.

734 453 1033 517 CAPUT
1108 455 1340 517 XXII.

914 613 974 639 DE
1005 613 1173 640 EODEM.

316 704 509 806 ·COM
516 707 639 750 PON
646 710 683 751 E
704 719 884 767 quatuor
903 712 1074 767 lapides,
1096 713 1167 768 qui
1204 713 1365 767 possint
1385 713 1525 768 ignem
1558 712 1775 764 sustinere,

444 776 502 816 ita
522 785 569 819 ut
588 793 673 819 non
694 778 891 830 resiliant,
913 785 954 820 et
984 794 1107 835 super
1126 780 1240 835 ipsos
1261 795 1370 836 pone
1401 781 1527 822 ollam
1553 780 1712 831 rudem,
1734 785 1777 820 et

317 846 362 887 in
402 862 496 889 eam
531 847 649 887 mitte
689 861 815 902 supra
848 847 1007 888 dictum
1043 848 1203 902 gummi
1236 848 1382 899 fornis,
1423 847 1537 904 quod
1579 847 1774 888 Romane

317 915 457 969 glassa
478 914 629 955 dicitur
645 913 674 966 ¹,
697 920 740 955 et
759 929 884 969 super
904 929 951 956 os
978 914 1102 970 hujus
1123 915 1217 956 ollae
1238 929 1348 970 pone
1365 915 1535 955 ollulam
1555 914 1774 964 minorem,

318 997 413 1038 quae
452 981 580 1022 habet
610 981 654 1021 in
686 981 818 1023 fundo
854 981 1067 1022 modicum
1100 981 1302 1033 foramen,
1343 987 1385 1022 et
1423 981 1701 1022 circumlinies
1737 980 1774 1022 ei

318 1055 498 1104 pastam,
518 1048 576 1090 ita
595 1055 644 1090 ut
663 1049 768 1089 nihil
788 1048 1026 1104 spiraminis
1046 1049 1153 1090 inter
1166 1049 1278 1105 ipsas
1291 1050 1395 1090 ollas
1410 1055 1544 1090 exeat.
1608 1049 1774 1090 Deinde

319 1132 509 1173 suppone
555 1117 699 1172 ignem
749 1117 980 1173 diligenter,
1020 1117 1156 1158 donec
1196 1117 1333 1172 ipsum
1374 1117 1534 1173 gummi
1573 1117 1772 1173 liquefiat.

321 1184 511 1226 Habebis
541 1186 668 1226 etiam
695 1185 849 1226 ferrum
870 1185 1025 1241 gracile
1055 1190 1096 1226 et
1128 1184 1347 1226 manubrio
1378 1184 1636 1240 impositum,
1663 1184 1773 1225 unde

319 1253 604 1294 commovebis
643 1253 783 1308 ipsum
824 1253 998 1308 gummi,
1034 1259 1076 1293 et
1108 1267 1203 1294 cum
1244 1252 1396 1294 sentire
1425 1252 1560 1307 possis
1601 1252 1772 1308 quando

318 1320 490 1362 omnino
502 1320 706 1377 liquidum
721 1320 786 1362 sit.
820 1320 991 1361 Habeas
1008 1334 1177 1376 quoque
1190 1320 1316 1361 ollam
1332 1319 1496 1361 tertiam
1511 1320 1635 1375 juxta
1649 1334 1774 1375 super

319 1388 523 1429 carbones
538 1388 732 1444 positam,
748 1388 791 1429 in
804 1403 888 1444 qua
904 1388 958 1429 sit
970 1389 1107 1429 oleum
1121 1387 1194 1428 lini
1207 1387 1407 1439 calidum;
1440 1393 1482 1428 et
1502 1401 1598 1428 cum
1612 1387 1771 1442 gummi

318 1455 483 1511 penitus
504 1455 709 1511 liquidum
738 1455 873 1507 fuerit,
894 1456 954 1496 ita
983 1461 1030 1496 ut
1059 1460 1247 1496 extracto
1269 1455 1377 1496 ferro
1398 1454 1519 1511 quasi
1549 1455 1667 1495 filum
1688 1459 1772 1495 tra-

317 1523 453 1575 hatur,
474 1523 646 1564 infunde
667 1523 703 1564 ei
734 1524 871 1564 oleum
903 1523 1083 1564 calidum
1104 1529 1146 1564 et
1166 1523 1273 1564 ferro
1303 1537 1537 1574 commove,
1559 1527 1602 1564 et
1621 1522 1680 1563 sic
1710 1523 1772 1562 in—

318 1591 439 1632 simul
471 1605 605 1647 coque
640 1597 688 1631 ut
717 1605 801 1632 non
822 1591 982 1642 bulliat,
1005 1596 1046 1632 et
1077 1590 1285 1631 interdum
1316 1590 1488 1631 extrahe
1525 1590 1693 1641 ferrum,
1729 1595 1771 1631 et

316 1658 389 1698 lini
409 1658 572 1700 modice
594 1673 718 1714 super
738 1658 896 1714 lignum
918 1658 1007 1700 sive
1026 1673 1150 1714 super
1169 1658 1366 1714 lapidem,
1388 1663 1436 1698 ut
1463 1657 1614 1713 probes
1634 1657 1772 1699 densi-

316 1731 448 1766 tatem
469 1726 572 1780 ejus.
634 1725 691 1766 Et
723 1726 804 1767 hoc
833 1740 985 1767 caveas
1020 1726 1063 1767 in
1097 1726 1295 1782 pondere,
1318 1730 1365 1766 ut
1389 1725 1472 1766 sint
1507 1725 1601 1766 duae
1632 1731 1771 1780 partes

317 1793 410 1844 olei,
432 1799 474 1834 et
493 1793 612 1834 tertia
634 1793 807 1849 gummi.
869 1792 1062 1850 Cumque
1081 1794 1135 1835 ad
1166 1793 1331 1834 libitum
1353 1799 1470 1834 tuum
1493 1793 1657 1834 coxeris
1679 1793 1771 1834 dili-

316 1868 476 1917 genter,
498 1862 552 1903 ab
573 1862 668 1917 igne
690 1876 909 1903 removens
931 1867 973 1904 et
992 1861 1302 1916 discooperiens
1323 1861 1558 1917 refrigerari
1579 1861 1682 1902 sine.

715 2211 1022 2309 CAPUT
1089 2211 1373 2274 xxm.

560 2356 620 2382 DE
651 2356 800 2383 SELLIS
833 2356 1145 2388 EQUESTRIBUS
1176 2357 1230 2384 ΕΤ
1261 2356 1518 2385 OCTOFORIS.

396 2452 580 2494 ELLAS
612 2460 752 2495 autem
774 2460 985 2510 equestres
1015 2461 1057 2496 et
1077 2454 1302 2506 oetoforos,
1324 2455 1366 2496 id
1397 2460 1462 2496 est
1487 2456 1609 2496 sellas
1639 2455 1768 2511 plica-

421 2521 562 2573 torias‚
584 2523 781 2575 scabella,
803 2528 1049 2578 caeteraque,
1071 2536 1166 2579 quae
1201 2523 1461 2578 sculpuntur,
1491 2529 1533 2564 et
1563 2538 1648 2565 non
1671 2538 1767 2579 pos-

314 2595 411 2630 sunt
431 2590 544 2631 corio
564 2591 629 2632 vel
666 2605 807 2646 panno
837 2590 1052 2646 cooperiri,
1075 2605 1174 2631 mox
1195 2596 1242 2631 ut
1271 2590 1422 2632 raseris
1451 2591 1573 2643 ferro,
1596 2591 1766 2632 fricabis

312 2658 526 2712 asperella‚
549 2658 690 2714 sicque
725 2658 789 2700 bis
821 2657 1049 2709 dealbabis,
1072 2662 1114 2699 et
1143 2672 1239 2699 cum
1261 2658 1372 2700 sicca
1402 2659 1567 2710 fuerint,
1599 2674 1762 2700 rursum

313 2723 513 2778 asperella
546 2725 749 2779 planabis.
811 2725 1008 2767 Posthaec
1029 2725 1070 2765 in
1104 2725 1259 2767 circino
1290 2733 1333 2768 et
1365 2728 1507 2783 regula
1544 2729 1701 2780 metire,
1723 2734 1765 2770 et

704 2858 710 2875 ¹
730 2860 749 2875 ‘⁴
766 2859 854 2889 aliter
871 2858 1055 2898 Arabicum}
1079 2871 1114 2891 ea:
1128 2862 1160 2891 Ο.
1179 2862 1220 2892 R·-
1237 2862 1374 2893 Parisii.
