1970 3202
270 269 354 310 336
737 283 993 311 TIIEOPHILI
1026 284 1163 311 LIBER
1194 283 1264 312 111.

269 381 455 434 minoris,
504 382 655 424 deinde
703 384 930 439 percutitur
977 399 1124 426 aurum
1170 389 1336 427 coctum
1376 383 1561 439 pondere
1600 384 1722 426 unius

269 449 430 490 nummi
454 449 600 491 eadem
631 451 850 492 latitudine
879 456 922 493 et
951 452 1225 508 longitudine,
1255 457 1381 508 atque
1411 452 1724 494 consolidantur

269 517 359 558 haec
379 517 464 559 duo
484 518 727 574 praescripta.
749 519 979 561 solidatur&
1010 520 1111 572 auri,
1133 520 1268 561 donec
1289 519 1461 560 omnino
1482 519 1563 560 sibi
1583 518 1724 560 adhae-

269 591 401 637 reant,
422 585 564 642 sicque
584 585 708 627 simul
729 586 1014 641 percutiantur
1027 602 1161 642 usque
1182 587 1283 628 dum
1303 586 1548 628 tenuissima
1566 587 1724 628 lamina

269 653 356 694 fiat.
417 653 514 694 Hoc
544 667 650 708 opus
671 653 847 705 videtur,
868 654 988 710 quasi
1018 659 1239 709 argentum
1269 654 1312 695 in
1342 668 1427 695 una
1455 660 1574 710 parte
1593 654 1723 696 deau-

269 727 407 762 ratum
440 720 506 772 sit,
540 735 618 761 nec
652 721 785 775 possit
815 736 914 762 cum
949 722 1115 763 duobus
1147 728 1220 762 aut
1251 721 1385 763 tribus
1421 722 1603 763 nummis
1634 722 1723 763 auri

267 794 397 829 tantae
414 787 687 844 longitudinis
717 788 873 829 lamina
902 795 990 830 tam
1020 789 1177 844 fulgide
1206 789 1410 831 deaurari.
1471 790 1540 832 Ex
1561 790 1642 832 hac
1662 791 1724 831 la-

268 856 384 897 mina
414 857 522 896 fiunt
554 855 686 908 limbi,
722 856 849 898 modo
884 872 969 913 quo
1009 857 1197 913 superius
1233 858 1408 913 inpressi
1444 858 1553 900 ferri.
1616 859 1723 900 Inde

269 924 398 964 etiam
418 923 657 964 inciduntur
676 924 848 965 subtiles
865 925 1068 980 corrigiae‚
1091 931 1134 967 et
1152 926 1196 981 in
1216 926 1348 967 serico
1368 926 1526 967 filando
1547 926 1723 968 circum-

267 996 526 1047 torquentur,
561 991 672 1032 unde
705 998 903 1033 texuntur
942 992 1154 1049 aurifrigia
1190 994 1301 1049 apud
1336 1007 1538 1049 pauperes
1573 995 1722 1036 eodem

271 1059 396 1100 modo
417 1073 502 1116 quo
523 1059 636 1114 apud
656 1059 806 1100 divites
826 1074 878 1100 ex
899 1074 1002 1101 auro
1023 1075 1141 1116 puro.

604 1419 904 1482 CAPUT
980 1418 1394 1481 LXXVIII.

540 1559 601 1586 DE
632 1559 778 1587 OPERE
810 1559 998 1587 DUCTILI
1029 1558 1156 1592 QUOD
1187 1559 1451 1587 SCULPITUR.

273 1655 621 1755 PERCUTE
642 1657 830 1698 tabulam
859 1671 1055 1713 cupream
1083 1663 1250 1714 quantae
1275 1656 1548 1713 longitudinis
1572 1667 1614 1698 et
1634 1656 1725 1699 lati-

403 1724 559 1766 tudinis
579 1725 772 1777 volueris,
803 1726 863 1767 sic
892 1725 1070 1781 spissam
1095 1732 1143 1766 ut
1162 1725 1232 1767 vix
1256 1725 1400 1781 plicari
1429 1725 1576 1781 possit,
1604 1731 1646 1766 et
1672 1726 1726 1767 sit

271 1794 495 1835 sanissima
514 1794 569 1835 ab
589 1794 703 1835 omni
728 1795 878 1835 fissura
907 1799 950 1835 et
969 1794 1148 1845 macula,
1169 1799 1212 1834 et
1230 1791 1423 1849 pertrahe
1443 1793 1487 1833 in
1508 1806 1558 1833 ea
1577 1790 1725 1848 imagi-

271 1876 383 1913 nem,
411 1876 539 1918 quam
559 1861 751 1903 volueris.
813 1861 983 1903 Deinde
1007 1867 1177 1918 percute
1203 1862 1247 1902 in
1273 1862 1368 1903 loco
1396 1861 1543 1917 capitis
1566 1861 1723 1902 fossam

273 1946 370 1972 cum
391 1931 590 1972 mediocri
629 1930 803 1972 malleo¹
834 1930 878 1971 in
900 1930 1086 1982 circuitu,
1113 1929 1255 1986 sicque
1282 1943 1484 1985 recoques
1503 1928 1547 1969 in
1567 1929 1724 1984 prunis.

273 1997 371 2047 Qua
391 1998 631 2054 refrigerata
647 2013 721 2054 per
740 2013 799 2050 se,
819 1998 948 2040 facies
964 2013 1037 2054 per
1055 2003 1189 2039 totam
1210 1997 1436 2053 imaginem
1452 2011 1550 2037 cum
1565 1996 1725 2037 malleis

273 2068 382 2109 sicut
412 2067 546 2108 fecisti
576 2067 620 2107 in
654 2067 767 2108 tenui
801 2081 930 2123 cupro
965 2081 1062 2108 cum
1097 2066 1233 2107 curvis
1263 2065 1380 2107 ferris
1410 2071 1452 2106 et
1482 2065 1724 2122 aequalibus,

271 2142 435 2190 semper
454 2149 505 2175 ex
526 2140 703 2191 utraque
723 2141 842 2191 parte
857 2135 1105 2176 deducendo
1126 2139 1168 2176 et
1187 2134 1426 2191 frequenter
1445 2132 1724 2190 recoquendo.

272 2202 466 2259 Cumque
481 2202 704 2244 elevaveris
718 2202 946 2259 imaginem
971 2217 1099 2260 quam
1118 2204 1202 2245 alte
1223 2202 1415 2254 volueris,
1431 2201 1573 2258 accipe
1593 2201 1724 2244 ferros

270 2271 324 2312 ad
366 2284 604 2311 mensuram
643 2270 773 2326 palmi
804 2271 976 2327 longos,
1009 2271 1053 2311 in
1087 2285 1173 2312 una
1208 2269 1449 2312 summitate
1481 2269 1723 2326 grossiores,

270 2353 396 2395 super
416 2353 523 2395 quos
544 2339 679 2394 possit
707 2353 804 2380 cum
829 2340 982 2381 malleo
1003 2339 1175 2395 percuti,
1197 2345 1239 2380 et
1258 2338 1300 2379 in
1321 2339 1451 2379 altera
1471 2338 1722 2395 graciliores,

270 2413 431 2458 tenues,
452 2405 654 2447 rotundos
685 2411 810 2463 atque
840 2407 1027 2458 subtiles,
1057 2421 1165 2463 quos
1186 2406 1239 2447 ad
1270 2405 1352 2447 hoc
1373 2420 1479 2462 opus
1501 2406 1723 2461 aptaveris,

270 2481 312 2516 et
344 2474 515 2515 sedente
551 2474 693 2515 coram
724 2480 766 2515 te
798 2488 928 2530 puero
963 2474 1088 2530 hujus
1119 2474 1218 2515 artis
1248 2473 1387 2525 docto,
1420 2479 1516 2515 tene
1553 2474 1722 2516 sinistri}¹

271 2556 400 2583 manu
419 2541 606 2582 tabulam
637 2547 679 2582 et
709 2542 882 2584 dextera
910 2541 1055 2593 ferros,
1080 2556 1208 2597 puero
1236 2532 1414 2597 desuper
1433 2541 1605 2583 feriente
1626 2558 1722 2584 cum

271 2609 472 2651 mediocri
501 2610 665 2662 malleo,
695 2609 936 2666 designabis
966 2610 1110 2651 oculos
1139 2615 1182 2650 et
1211 2623 1345 2660 nareS,
1376 2609 1548 2665 capillos
1568 2615 1610 2651 et
1633 2625 1723 2652 ma-

269 2693 398 2719 nuum
428 2678 597 2734 digitos,
627 2678 781 2734 pedum
808 2678 1029 2728 annulos,
1062 2682 1105 2718 et
1135 2691 1281 2717 omnes
1311 2683 1471 2718 tractus
1497 2679 1722 2720 vestimen-

267 2752 406 2786 torum
427 2747 470 2787 in
499 2746 701 2801 superiori
731 2751 861 2802 parte,
883 2745 942 2786 ita
970 2750 1017 2786 ut
1046 2744 1217 2786 interius
1241 2751 1483 2800 appareant,
1504 2746 1575 2787 ubi
1596 2747 1720 2788 etiam

313 2858 321 2876 Ι
346 2859 366 2875 “
379 2857 524 2889 Rotundo
546 2858 578 2888 in
601 2857 734 2889 inferiori
757 2863 854 2898 parte,
877 2863 908 2889 et
932 2869 970 2889 ex
994 2857 1140 2897 superiori
1165 2862 1250 2897 parte
1275 2867 1342 2888 cnm
1369 2857 1453 2888 tenui
1478 2858 1720 2890 malleo.'’-Ex.

270 2913 379 2945 Codice
396 2913 671 2954 Guelplaerbytano.
