1970 3202
250 263 335 304 378
722 276 976 306 THEoPfflm
1007 277 1143 306 LIBER
1175 278 1243 307 111.

250 375 376 417 terius
396 376 439 417 in
460 376 735 432 longitudine,
756 383 798 419 et
827 392 989 419 rursum
1010 378 1228 434 dupliciter
1247 378 1290 419 in
1311 378 1540 420 latitudine.
1601 379 1700 428 Quo

250 443 376 495 facto,
410 458 504 484 cum
536 445 708 500 parvulo
739 445 894 501 forcipe
925 445 1027 487 frica
1053 446 1279 502 particulas
1309 446 1470 502 argenti
1500 447 1607 488 sicut
1628 461 1701 487 vo-

248 511 372 552 lueris
408 517 450 552 et
481 526 728 568 superpone,
769 518 895 569 atque
935 528 1030 554 cum
1071 514 1219 554 eodem
1259 513 1416 569 forcipe
1451 514 1554 555 frica
1589 528 1702 555 sum-

249 579 416 621 mitates
449 580 610 636 argenti
651 586 697 621 ut
737 580 977 622 adhereant.
1045 580 1237 637 Cumque
1275 587 1410 623 totum
1450 581 1701 637 operaveris‚

249 647 386 689 denuo
426 662 536 703 pone
571 662 695 703 super
729 662 886 704 prunas
926 649 1119 690 ardentes
1159 649 1294 690 donec
1335 663 1499 690 rursum
1534 648 1700 704 nigrum

248 715 336 767 fiat,
367 720 492 771 atque
522 716 688 756 elevans
719 716 890 771 forcipe,
921 731 1017 758 cum
1046 717 1175 772 longo
1206 717 1314 758 ferro
1343 730 1395 758 ex
1426 716 1558 758 calibe
1578 716 1701 758 valde

248 782 398 838 aequali
434 787 476 823 et
507 783 728 824 manubrio
763 783 895 825 infixo
924 784 1146 840 diligenter
1175 784 1320 839 polies,
1350 783 1701 839 suppositumque

247 850 404 905 prunis,
426 850 574 891 iterum
605 850 816 892 calefaties
845 865 1091 907 rursumque
1121 866 1216 892 cum
1238 851 1387 892 eodem
1412 851 1519 892 ferro
1540 850 1703 892 fortiter

247 917 391 973 polies.
453 917 581 966 Quod
607 918 641 959 si
662 919 841 960 volueris
869 919 971 960 illud
996 933 1070 974 per
1099 924 1239 975 partes
1269 924 1342 960 aut
1370 933 1423 960 ex
1453 924 1542 961 toto
1571 919 1701 960 deau-

248 1000 353 1037 rare,
374 986 417 1026 in
437 991 510 1027 tua
530 986 584 1028 sit
614 992 833 1042 potestate.
895 987 991 1029 Hoc
1022 987 1149 1029 modo
1180 987 1310 1028 fraena
1331 992 1373 1028 et
1392 992 1530 1028 cetera
1549 986 1700 1029 instru-

247 1059 392 1095 menta
413 1054 620 1110 equestria
635 1055 702 1096 vel
722 1055 1005 1111 quodcunque
1025 1055 1068 1096 in
1090 1055 1198 1097 ferro
1218 1055 1397 1097 volueris
1417 1055 1554 1097 incide
1573 1055 1701 1098 modo

247 1137 332 1178 quo
353 1122 553 1178 superius,
585 1122 659 1163 sed
684 1122 945 1178 profundius,
966 1123 1205 1179 habeasque
1234 1124 1306 1165 fila
1335 1138 1388 1165 ex
1409 1128 1583 1179 argento
1603 1123 1702 1164 sub-

246 1189 437 1231 tilissima
458 1195 585 1246 atque
612 1205 664 1231 ex
694 1204 810 1242 auro,
833 1190 1022 1232 formaris
1048 1191 1123 1232 tibi
1143 1191 1240 1233 inde
1261 1191 1527 1233 brevissimos
1547 1191 1702 1232 floscu-

246 1258 310 1300 los
332 1263 374 1299 et
393 1258 583 1310 circulos,
610 1258 696 1300 sive
727 1258 839 1300 aliud
870 1259 1151 1315 quodcunque
1180 1259 1358 1311 libuerit,
1379 1264 1422 1299 et
1441 1273 1538 1300 cum
1558 1258 1703 1315 gracili

246 1326 405 1382 forcipe
435 1341 559 1383 super
579 1327 734 1368 ferrum
764 1328 941 1384 qualiter
961 1328 1141 1369 volueris
1167 1341 1291 1383 pone,
1323 1333 1449 1383 atque
1470 1342 1567 1369 cum
1587 1327 1702 1369 brevi

247 1396 398 1436 malleo
419 1395 565 1436 leniter
593 1401 762 1451 percute
788 1401 835 1436 ut
861 1395 1095 1447 adhaereat;
1128 1396 1263 1452 sitque
1290 1409 1453 1451 semper
1472 1410 1581 1436 unus
1602 1395 1703 1437 flos-

247 1462 366 1504 culus
398 1476 547 1504 aureus
579 1464 681 1504 alter
711 1469 945 1520 argenteus.
1009 1463 1189 1519 Impleto
1219 1468 1360 1504 autem
1389 1463 1528 1504 taliter
1557 1462 1701 1519 spacio

247 1531 343 1572 ferri
371 1531 514 1583 totius,
546 1546 654 1587 pone
684 1546 809 1587 super
840 1546 994 1588 prunas
1025 1533 1161 1574 donec
1194 1532 1415 1588 nigrescat,
1447 1538 1574 1589 atque
1600 1546 1701 1573 cum

247 1598 445 1641 mediocri
475 1600 627 1641 malleo
658 1605 828 1655 percute
857 1599 1092 1656 diligenter,
1125 1600 1261 1642 donec
1289 1600 1527 1656 ubicunque
1547 1600 1701 1641 ferrum

247 1671 421 1722 apparet
439 1666 629 1707 incisurae
649 1666 729 1707 illae
756 1667 939 1723 aequales
969 1667 1087 1718 fiant,
1115 1672 1157 1707 et
1185 1666 1244 1707 sic
1266 1680 1371 1722 opus
1391 1665 1492 1706 illud
1512 1665 1703 1707 videatur

247 1734 367 1791 quasi
396 1734 595 1790 nigellum
625 1734 690 1775 sit.
752 1733 796 1775 Si
817 1748 914 1776 vero
945 1734 988 1775 in
1018 1733 1192 1775 cultellis
1220 1733 1306 1775 sive
1325 1733 1368 1774 in
1389 1733 1479 1775 aliis
1498 1733 1616 1774 ferris
1636 1733 1702 1774 lit-

246 1808 357 1844 teras
388 1802 544 1846 habere
571 1802 765 1855 volueris,
795 1816 892 1844 cum
923 1801 1099 1843 fossorio
1129 1802 1237 1843 ferro
1270 1801 1367 1843 fode
1398 1816 1468 1843 eas
1498 1802 1701 1858 inprimis,

247 1870 398 1912 deinde
429 1870 541 1912 facto
572 1870 645 1911 filo
670 1876 870 1927 argenteo
892 1883 1053 1926 grosso,
1085 1869 1220 1911 forma
1244 1884 1341 1911 cum
1371 1870 1515 1926 gracili
1545 1870 1702 1926 forcipe

245 1938 415 1991 litteras,
452 1944 494 1979 et
525 1938 680 1994 inpone
715 1952 787 1979 eas
822 1938 995 1980 fossuris
1030 1938 1124 1990 illis,
1160 1938 1479 1994 percutiensque
1513 1932 1702 1994 superius

247 2020 343 2048 cum
364 2006 515 2047 malleo
535 2006 660 2062 imple
685 2020 769 2047 eas.
831 2006 927 2048 Hoc
949 2006 1076 2047 modo
1097 2005 1224 2047 etiam
1244 2005 1442 2048 flosculos
1462 2010 1505 2048 et
1524 2006 1701 2049 circulos

247 2074 382 2116 facere
402 2078 523 2130 potes
543 2073 587 2114 in
609 2073 731 2126 ferro,
753 2079 795 2115 et
822 2087 919 2115 cum
943 2073 1024 2115 filis
1045 2088 1097 2115 ex
1118 2088 1249 2130 cupro
1269 2078 1312 2115 et
1331 2073 1539 2116 auricalco
1558 2074 1699 2130 imple.

248 2141 293 2183 Si
323 2142 423 2199 quid
450 2155 549 2183 vero
579 2141 704 2197 hujus
735 2141 872 2198 operis
893 2147 1098 2183 vetustate
1129 2156 1203 2183 seu
1231 2141 1491 2198 negligentia
1521 2142 1701 2184 fractum

246 2210 384 2262 fuerit,
416 2209 451 2252 si
486 2214 706 2265 argentum
738 2209 853 2266 quod
885 2214 949 2251 est
977 2209 1157 2251 volueris
1190 2209 1416 2266 acquirere,
1448 2210 1568 2252 mitte
1598 2209 1701 2251 illud

245 2278 289 2319 in
318 2278 461 2334 ignem
490 2277 626 2319 donec
657 2277 846 2330 candeat,
876 2282 1108 2334 tenensque
1132 2277 1300 2319 sinistra
1330 2291 1458 2319 manu
1488 2292 1584 2319 cum
1614 2277 1700 2319 for-

246 2345 352 2401 cipe,
382 2344 556 2387 dextera
586 2345 766 2400 longum·
793 2345 1014 2400 plumbum
1046 2345 1148 2387 frica
1183 2359 1307 2402 super
1335 2347 1477 2388 omnia
1506 2347 1600 2388 loca
1628 2346 1700 2388 ubi

246 2418 466 2469 argentum
489 2418 677 2469 apparet,
697 2417 740 2454 et
754 2425 855 2454 mox
873 2412 1128 2468 liquescente
1142 2413 1314 2470 plumbo
1335 2414 1474 2471 ipsum
1495 2413 1699 2471 liquescit,

246 2487 288 2522 et
307 2481 345 2522 ei
369 2473 687 2533 commiscetur3
718 2480 860 2536 sicque
886 2480 1105 2536 plumbum
1133 2481 1391 2523 comburitur
1416 2486 1459 2524 et
1478 2486 1698 2538 argentum

246 2548 485 2605 acquiritur.
