1970 3202
227 269 306 310 138
695 283 946 311 THEOPHILI
979 283 1115 312 LIBER
1144 284 1193 312 11.

220 386 333 422 creta
363 396 486 437 super
505 382 658 424 vitrum
688 383 913 425 exteriores
944 389 1101 425 tractus
1130 389 1307 425 tantum.
1371 383 1429 424 Et
1458 384 1492 425 si
1518 384 1668 425 vitrum

219 447 320 488 illud
351 448 527 489 densum
557 449 680 490 fiierit
709 450 768 492 sic
797 456 844 492 ut
874 465 959 492 non
989 451 1124 506 possis
1154 451 1387 507 perspicere
1417 455 1575 492 tractus
1599 450 1671 506 qui

221 520 319 555 sunt
346 515 389 555 in
420 516 577 568 tabula,
608 517 815 573 accipiens
847 518 989 559 album
1009 518 1160 559 vitrum
1190 517 1383 574 pertrahe
1413 532 1536 573 super
1559 532 1670 569 eum,

221 588 348 638 atque
377 598 474 625 cum
505 585 663 626 siccum
697 585 819 626 fuerit
853 600 962 641 pone
992 585 1168 626 densum
1196 585 1347 630 vitrum
1377 598 1499 640 super
1528 584 1671 625 album

220 650 387 692 elevans
409 657 554 693 contra
573 653 722 704 lucem,
750 658 792 694 et
816 652 921 694 sicut
948 653 1221 708 perspexeris,
1242 652 1301 693 ita
1320 652 1523 707 pertrahe.
1586 651 1671 693 Eo-

220 716 315 758 dem
338 718 465 760 modo
486 719 724 775 designabis
755 720 897 762 omnia
920 734 1075 776 genera
1095 719 1189 760 vitri
1211 720 1298 760 sive
1318 719 1360 760 in
1382 719 1500 771 facie,
1522 719 1608 760 sive
1627 719 1670 759 in

220 785 492 837 vestimentis,
528 787 571 827 in
603 787 809 840 manibus,
845 788 888 828 in
923 788 1112 843 pedibus,
1147 787 1188 827 in
1222 787 1364 839 limbo,
1396 781 1460 828 vel
1494 787 1537 828 in
1568 802 1671 843 quo-

220 867 399 909 cumque
420 854 513 896 loco
534 855 694 897 colores
715 870 869 911 ponere
890 856 1081 897 volueris.

618 1199 1285 1263 GAP[NJJ.XVIIL

677 1346 737 1372 DE
769 1346 1030 1374 DIVIDENDO
1062 1346 1215 1375 VITRO.

221 1441 515 1542 POSTEA
545 1445 764 1487 calefacies
796 1446 840 1487 in
869 1446 963 1487 foco
994 1445 1150 1487 ferrum
1180 1446 1437 1499 divisorium‚
1473 1449 1586 1505 quod
1620 1450 1673 1491 sit

218 1534 221 1536 -
323 1525 396 1566 per
416 1512 558 1553 omnia
578 1513 743 1568 gracile,
775 1514 847 1555 sed
879 1513 923 1554 in
943 1514 1028 1555 fine
1048 1514 1245 1570 grossius.
1308 1514 1434 1564 Quod
1457 1530 1552 1557 cum
1574 1531 1671 1558 can-

220 1578 354 1619 duerit
384 1578 425 1619 in
456 1580 652 1635 grossiori
683 1586 814 1636 parte,
847 1581 1014 1638 adpone
1043 1582 1166 1633 vitro,
1197 1583 1312 1639 quod
1342 1583 1526 1625 dividere
1555 1585 1673 1626 volu-

221 1646 314 1696 eris,
340 1651 382 1687 et
409 1661 508 1687 mox
539 1648 758 1703 apparebit
783 1649 944 1690 initium
975 1649 1178 1692 fracturae.
1240 1650 1284 1692 Si
1305 1666 1402 1692 vero
1423 1651 1574 1692 vitrum
1596 1652 1671 1693 du-

221 1729 312 1755 rum
344 1714 479 1766 fuerit,
511 1716 700 1774 madefac
735 1717 836 1758 illud
871 1718 1002 1774 digito
1034 1724 1107 1760 tuo
1144 1734 1195 1760 ex
1231 1719 1359 1760 saliva
1390 1719 1433 1759 in
1463 1719 1571 1771 loco,
1601 1720 1673 1761 ubi

221 1782 376 1823 ferrum
405 1797 628 1838 posueras;
661 1800 745 1841 quo
776 1786 916 1827 statim
946 1787 1060 1838 fisso,
1092 1787 1321 1828 secundum
1352 1787 1467 1843 quod
1488 1787 1672 1829 dividere

221 1850 413 1902 volueris,
450 1851 567 1893 trahe
608 1853 762 1895 ferrum
803 1860 845 1896 et
879 1854 1030 1900 fissura
1063 1860 1273 1912 sequetur.
1335 1853 1543 1896 Omnibus
1575 1870 1672 1896 vero

220 1918 410 1974 partibus
441 1919 500 1961 ita
529 1920 685 1974 divisis,
717 1922 860 1978 accipe
887 1923 1120 1979 grosarium
1141 1922 1310 1973 ferrum,
1332 1922 1446 1978 quod
1467 1923 1520 1963 sit
1539 1923 1673 1979 longi-

221 1986 369 2028 tudine
389 1987 512 2029 unius
531 1989 673 2044 palmi,
698 1995 875 2047 utroque
903 1991 1037 2047 capite
1062 2005 1293 2043 recurvum,
1314 2005 1409 2032 cum
1431 2005 1515 2047 quo
1536 2005 1674 2047 aequa-

222 2054 287 2095 bis
317 2059 359 2096 et
389 2056 620 2115 conjunges
651 2072 797 2099 omnes
831 2064 985 2115 parteS,
1016 2073 1356 2115 unamquamque
1388 2059 1431 2099 in
1461 2073 1536 2100 suo
1566 2059 1671 2101 loco.

223 2121 303 2163 His
331 2123 391 2165 ita
421 2125 665 2182 compositis
696 2127 838 2182 accipe
871 2127 1053 2168 colorem
1084 2141 1182 2168 cum
1213 2141 1298 2183 quo
1324 2126 1474 2168 vitrum
1505 2127 1675 2184 pingere

223 2190 366 2244 debes,
388 2207 513 2249 quem
534 2193 606 2234 tali
628 2194 754 2236 modo
775 2209 1017 2251 compones.

661 2565 974 2627 CAPUT
1052 2564 1235 2626 XIX

457 2713 517 2739 DE
547 2712 721 2740 COLORE
752 2712 847 2740 CUM
880 2712 972 2745 QUO
1003 2712 1182 2740 VITRUM
1215 2711 1445 2739 PINGITUR.

228 2810 485 2911 TOLLE
517 2827 690 2868 cuprum
723 2816 843 2855 tenue
875 2827 1131 2868 percussum,
1163 2812 1412 2853 comburens
1442 2811 1483 2851 in
1505 2811 1674 2866 parvula

384 2881 538 2935 patella
568 2880 699 2922 ferrea
720 2881 853 2922 donec
884 2881 1017 2936 pulvis
1049 2880 1218 2922 omnino
1241 2879 1305 2930 sit,
1328 2883 1369 2919 et
1390 2878 1529 2934 accipe
1550 2878 1675 2933 parti-
