1970 3202
299 265 356 304 30
781 277 1029 304 'rimopmm
1062 277 1198 304 LIBER
1232 278 1260 305 1.

297 390 434 416 aureae
464 377 627 431 petulae.
689 376 829 425 Quam
860 392 956 418 cum
987 378 1213 418 secundum
1244 378 1405 418 libitum
1436 382 1552 418 tuum
1585 382 1749 417 attenu-

299 444 446 495 averis‚
477 459 528 484 ex
564 459 613 486 ea
641 445 800 487 incides
831 446 987 502 forcipe
1020 446 1244 501 particulas
1274 451 1453 502 quantas
1487 445 1678 495 volueris,
1711 451 1752 485 et

297 511 394 552 inde
435 512 645 554 ordinabis
686 528 864 554 coronas
905 528 1050 554 aureas
1090 514 1198 554 circa
1238 513 1376 568 capita
1420 514 1673 569 regulorum,
1712 519 1753 553 et

299 579 430 619 stolas
451 586 492 620 et
513 595 607 621 oras
628 581 984 633 vestimentorum,
1006 587 1048 622 et
1068 587 1217 622 caetera
1241 586 1285 621 ut
1304 581 1481 622 libuerit.

732 913 1039 975 CAPUT
1117 913 1320 976 XXV

765 1062 824 1089 DE
855 1063 1126 1091 IMPONENDO
1158 1063 1295 1092 AURO.

366 1164 722 1206 MPONENDO
757 1180 917 1218 aurum,
938 1167 1036 1208 tolle
1077 1167 1248 1218 clarum,
1285 1167 1397 1223 quod
1440 1166 1661 1222 percutiter
1700 1180 1751 1208 ex

383 1233 579 1288 albugine
600 1233 668 1274 ovi
699 1233 786 1274 sine
816 1249 940 1290 aqua,
962 1240 1004 1276 et
1031 1235 1127 1275 inde
1156 1250 1251 1277 cum
1272 1235 1449 1290 pincello
1470 1234 1617 1275 leniter
1637 1235 1755 1275 linies

303 1302 441 1342 locum
461 1300 504 1340 in
524 1315 608 1356 quo
630 1302 871 1355 ponendum
892 1308 956 1343 est
976 1317 1134 1353 aurum,
1157 1310 1199 1343 et
1222 1303 1357 1343 cauda
1381 1302 1568 1357 ejusdem
1590 1301 1756 1357 pincelli

302 1370 346 1409 in
367 1383 439 1409 ore
459 1373 532 1409 tuo
555 1368 804 1420 madefacta,
825 1370 1194 1425 continges-unum
1215 1385 1344 1411 cornu
1366 1370 1506 1410 incisae
1534 1370 1699 1424 petulae,
1717 1374 1758 1409 et

302 1438 363 1478 ita
394 1437 561 1477 elevans
594 1451 689 1476 cum
720 1451 885 1478 summa
905 1438 1125 1478 velocitate
1156 1438 1361 1492 impones,
1380 1443 1422 1478 et
1452 1451 1547 1477 cum
1578 1436 1757 1492 pincello

303 1504 502 1561 aequabis.
564 1503 629 1544 Ea
660 1504 766 1545 hora
798 1510 962 1560 oportet
993 1511 1034 1546 te
1067 1520 1091 1546 a
1119 1511 1245 1546 vento
1277 1519 1437 1556 cavere,
1469 1510 1511 1545 et
1542 1504 1596 1544 ab
1628 1504 1759 1544 halitu

305 1571 531 1622 continere,
553 1571 652 1627 quia
672 1572 707 1612 si
727 1572 906 1624 flaveris,
928 1573 1112 1628 petulam
1133 1573 1281 1628 perdes
1309 1578 1350 1614 et
1380 1572 1546 1613 difficile
1567 1573 1757 1627 reperieS.

306 1640 414 1689 Quae
434 1654 527 1680 cum
561 1640 699 1694 posita
718 1640 841 1681 fuerit
861 1646 902 1681 et
922 1641 1090 1692 siccata,
1112 1641 1162 1692 ei,
1184 1641 1218 1682 si
1238 1640 1430 1690 volueris,
1452 1640 1601 1681 eodem
1633 1641 1760 1681 modo

305 1708 478 1748 alteram
511 1722 758 1763 superpone,
780 1714 822 1749 et
851 1709 1016 1749 tertiam
1048 1708 1247 1759 similiter,
1278 1709 1311 1749 si
1342 1723 1447 1764 opus
1478 1707 1613 1759 fuerit,
1635 1713 1681 1748 ut
1710 1722 1759 1748 eo

305 1775 481 1816 lucidius
521 1789 618 1815 cum
658 1775 784 1816 dente
824 1776 910 1816 sive
950 1790 1046 1816 cum
1089 1775 1226 1831 lapide
1261 1776 1389 1831 polire
1425 1776 1572 1831 possis.
1635 1775 1761 1816 Hanc

305 1844 431 1885 etiam
453 1843 653 1898 petulam‚
676 1843 708 1883 si
730 1844 922 1895 volueris,
944 1844 987 1900 in
1017 1858 1136 1884 muro
1168 1849 1209 1884 et
1239 1844 1423 1899 laqueari
1452 1843 1601 1884 eodem
1632 1843 1760 1883 modo

306 1912 519 1966 imponere
554 1911 719 1966 poteris.
792 1911 920 1960 Quod
953 1911 987 1952 si
1028 1926 1175 1952 aurum
1210 1926 1295 1952 non
1332 1911 1540 1963 habueris,
1575 1911 1760 1966 petulam

307 1979 444 2035 stagni
465 1978 659 2034 accipies,
681 1994 808 2035 quam
831 1979 911 2020 hoc
932 1979 1059 2020 modo
1080 1979 1219 2020 facies.

728 2272 1035 2335 CAPUT
1111 2272 1367 2334 XXVL
1738 2298 1762 2323 ἡ

803 2419 863 2446 DE
894 2419 1008 2446 PETU
1014 2418 1070 2446 LA
1100 2418 1260 2446 STAGNI
1268 2437 1276 2446 .

390 2517 652 2559 TAGNUM
671 2519 933 2574 purissimum
950 2519 1186 2560 attenuabis
1207 2519 1425 2574 diligenter
1441 2533 1564 2573 super
1585 2518 1734 2559 incude
1751 2517 1759 2537 ¹

410 2587 574 2636 malleo,
597 2592 775 2642 quantas
796 2593 837 2627 et
857 2601 982 2642 quam
1005 2593 1149 2627 tenues
1179 2592 1316 2641 partes
1338 2587 1527 2627 volueris.
1589 2586 1646 2626 Et
1667 2601 1762 2626 cum

310 2654 615 2709 aliquantulum
646 2655 852 2695 attenuari
882 2655 1096 2710 coeperint,
1127 2654 1325 2709 purgabis
1356 2669 1426 2696 eas
1455 2655 1498 2694 in
1528 2668 1612 2694 una
1648 2661 1764 2708 parte

311 2736 452 2777 panno
474 2722 609 2772 laneo,
632 2728 674 2763 et
694 2722 944 2763 carbonibus
965 2722 1084 2763 siccis
1106 2721 1381 2762 minutissime
1404 2722 1522 2772 tritis,
1544 2736 1593 2762 ac
1613 2721 1763 2761 iterum

313 2790 516 2844 percuties
537 2790 701 2842 malleo,
723 2805 971 2846 rursumque
992 2789 1158 2831 fricabis
1181 2804 1324 2845 panno
1343 2795 1384 2830 et
1400 2789 1663 2840 carbonibus,
1685 2788 1763 2829 sie-

894 2879 901 2897 ¹
926 2882 947 2896 “
959 2880 1119 2910 incundem
1131 2880 1142 2909 2²
1155 2879 1169 2891 ’⁹
