1970 3202
251 242 300 282 12
728 257 978 286 THEOPHILI
1011 258 1143 286 LIBER
1177 258 1205 285 1.

245 369 339 394 cum
361 354 474 406 folio,
495 355 580 396 sive
601 370 696 397 cum
718 358 864 399 eodem
896 358 1032 399 colore
1061 358 1172 398 unde
1203 356 1394 412 implesti,
1428 361 1469 397 et
1503 355 1689 395 illumina

243 421 436 476 primum,
458 437 553 463 cum
574 438 677 478 puro
698 425 810 465 lazur
830 424 1019 466 illumina
1040 425 1240 480 superius.
1302 422 1409 463 Post
1442 422 1530 463 haec
1561 421 1688 462 misce

243 503 389 543 parum
411 489 493 530 albi
513 505 607 531 cum
629 491 742 531 lazur
762 497 804 532 et
825 491 890 532 fac
912 491 1081 532 subtiles
1117 497 1159 532 et
1188 505 1303 532 raros
1323 495 1492 531 tractus.
1556 488 1617 528 Im
1623 489 1689 543 ple

244 556 535 597 vestimentum
558 572 652 598 cum
676 558 838 610 rubeo,¹
855 559 1028 599 rubeum
1050 558 1249 614 pallidum
1266 558 1332 608 sit,
1354 557 1462 597 adde
1478 555 1689 597 modicum

243 622 364 678 nigri.
427 623 531 665 Inde
553 625 680 666 misce
701 625 879 680 amplius
899 626 1006 682 nigri
1027 641 1122 667 cum
1145 625 1307 676 eodem,
1343 630 1385 665 et
1418 623 1483 664 fac
1517 628 1689 663 tractus.

245 690 411 731 Deinde
455 691 583 732 misce
634 692 845 734 modicum
890 693 1005 734 rubei
1052 707 1147 734 cum
1185 691 1381 733 cenobrio
1423 696 1464 731 et
1504 690 1691 730 illumina

241 756 433 811 primum.
498 757 604 799 Post
636 759 726 800 haec
761 759 869 801 adde
900 760 1114 801 modicum
1146 759 1261 800 minii
1291 773 1387 800 cum
1418 756 1628 808 cenobrio,
1650 763 1691 797 et

240 824 427 866 illumina
440 825 640 880 superius.
704 826 837 881 Imple
852 827 1147 868 vestimentum
1165 841 1260 868 cum
1277 825 1490 876 cenobrio‚
1506 830 1548 865 et
1564 824 1690 864 misce

242 906 338 932 cum
375 893 521 933 eodem
559 893 770 934 modicum
804 895 932 946 rubei,
967 901 1008 936 et
1042 895 1109 936 fac
1139 901 1311 936 tractus.
1376 894 1541 935 Deinde
1563 893 1691 934 misce

241 959 453 999 modicum
477 959 591 1000 minii
613 974 707 1000 cum
729 962 938 1013 cenobrio,
955 968 997 1003 et
1016 962 1201 1002 illumina
1223 961 1415 1016 primum.
1478 960 1585 1001 Post
1601 960 1690 1001 haec

239 1026 427 1067 illumina
454 1041 548 1067 cum
584 1027 760 1083 simplici
782 1028 924 1069 minio.
985 1029 1051 1069 Ad
1074 1035 1307 1070 extremum
1330 1028 1459 1069 misce
1481 1028 1689 1069 modicum

240 1093 344 1148 nigri
367 1108 463 1134 cum
484 1094 627 1145 rubeo,
661 1100 702 1135 et
738 1095 804 1136 fac
840 1087 1086 1137 exteriorem
1117 1096 1322 1137 umbram.
1384 1094 1522 1136 Misce
1542 1110 1689 1150 purum

240 1162 369 1203 viride
391 1177 487 1203 cum
509 1177 625 1218 ogra,
646 1163 704 1203 ita
725 1169 773 1204 ut
793 1164 846 1204 de
863 1178 964 1219 ogra
986 1165 1079 1219 plus
1102 1164 1167 1215 sit,
1185 1170 1226 1204 et
1241 1163 1367 1219 imple
1383 1163 1689 1203 vestimentum.

240 1230 363 1271 Adde
384 1230 518 1271 eidem
541 1230 668 1272 colori
690 1231 902 1272 modicum
924 1232 976 1273 de
1005 1246 1106 1272 suco
1135 1237 1176 1272 et
1211 1245 1358 1286 parum
1392 1229 1522 1279 rubei,
1553 1234 1595 1269 et
1625 1229 1691 1269 fac

238 1303 410 1338 tractus.
472 1298 608 1339 Misce
629 1298 764 1339 eidem
786 1299 914 1340 colori
935 1300 1046 1340 unde
1066 1299 1247 1355 implesti
1269 1299 1423 1349 album,
1445 1303 1487 1338 et
1506 1297 1692 1338 illumina

239 1366 433 1421 primum.
508 1366 632 1407 Adde
652 1367 744 1422 plus
765 1367 862 1418 albi,
884 1373 926 1408 et
944 1367 1132 1408 illumina
1153 1367 1347 1407 exterius.
1408 1365 1545 1405 Misce
1566 1364 1691 1405 etiam

240 1449 335 1475 cum
358 1434 556 1489 superiori
577 1434 726 1475 umbra
747 1434 839 1489 plus
868 1433 956 1475 suci
986 1439 1028 1475 et
1062 1434 1178 1475 rubei
1207 1441 1249 1474 et
1281 1447 1429 1488 parum
1461 1432 1615 1483 viridis,
1651 1436 1693 1472 et

239 1500 485 1542 exteriorem
520 1501 710 1541 umbram
746 1500 823 1541 fac.
898 1501 1034 1542 Misce
1055 1516 1224 1542 succum
1247 1501 1333 1542 folii
1354 1515 1450 1542 cum
1472 1513 1629 1549 cerosa,
1651 1505 1693 1539 et

239 1567 365 1622 imple
386 1567 692 1609 vestimentum.
754 1567 877 1609 Adde
911 1568 999 1609 folii
1032 1569 1136 1624 plus,
1166 1574 1208 1609 et
1240 1568 1306 1609 fac
1338 1573 1508 1609 tractus.
1569 1567 1692 1608 Adde

239 1636 333 1691 plus
353 1650 522 1688 cerosae,
544 1641 586 1676 et
605 1635 803 1676 illumina.
867 1635 974 1677 Post
994 1636 1084 1676 haec
1105 1650 1199 1677 cum
1223 1635 1399 1690 simplici
1421 1649 1578 1675 cerosa.
1623 1633 1691 1674 Ad

240 1708 474 1744 extremum
497 1702 708 1743 modicum
731 1702 817 1743 folii
838 1703 921 1743 triti
942 1709 984 1744 et
1005 1703 1216 1745 modicum
1245 1702 1429 1744 cenobrii
1450 1701 1577 1743 misce
1597 1716 1691 1742 cum

240 1770 377 1825 priore
411 1770 573 1821 umbra,
609 1775 651 1811 et
683 1770 749 1810 fac
782 1770 1044 1812 exteriorem.
1121 1770 1178 1812 Et
1210 1770 1360 1811 eodem
1393 1769 1533 1810 colore
1568 1768 1693 1823 imple

240 1837 350 1878 aliud
371 1838 684 1881 vestimentum.
757 1837 880 1878 Adde
913 1837 1048 1879 eidem
1081 1838 1192 1878 unde
1224 1836 1420 1892 implesti,
1441 1850 1631 1877 cerosam
1652 1842 1694 1877 et

239 1905 450 1946 modicum
486 1905 683 1956 cenobrii,
717 1910 759 1946 et
792 1895 981 1946 illumina
1013 1906 1206 1961 primum.
1267 1904 1391 1945 Adde
1410 1904 1503 1960 plus
1523 1918 1692 1955 cerosae,

240 1979 283 2015 et
313 1973 501 2014 illumina
533 1973 731 2028 superius.
800 1973 868 2013 Ad
904 1978 1135 2014 extremum
1169 1973 1299 2013 misce
1330 1971 1543 2012 modicum
1577 1971 1692 2011 rubei

240 2055 335 2082 cum
353 2041 487 2096 priore
501 2040 662 2091 umbra,
680 2045 721 2081 et
736 2040 802 2081 fac
816 2041 1078 2081 exteriorem.
1122 2040 1190 2081 Ex
1205 2052 1297 2081 HAG
1312 2052 1521 2080 M1x'rURA
1537 2052 1692 2080 FAcms

240 2121 349 2149 TRIA
388 2121 571 2148 GENERA
607 2121 1011 2158 VESTIMENTORUM‚
1046 2121 1179 2148 UNUM
1217 2119 1513 2157 PURPUREUM,
1547 2119 1691 2147 ALIUD

242 2164 539 2226 VlonATICUM‚
560 2188 764 2216 TERTIUM
786 2187 1045 2216 CANDIDUM.
1120 2173 1257 2215 Misce
1279 2173 1491 2214 modicum
1507 2173 1692 2214 cenobrii

241 2255 337 2282 cum
351 2241 669 2297 auripigmento,
687 2248 729 2282 et
743 2242 869 2297 imple
883 2241 1190 2282 vestimentum.
1252 2241 1375 2281 Adde
1395 2255 1542 2296 parum
1562 2240 1690 2292 rubei,

241 2315 283 2350 et
328 2309 396 2350 fac
430 2314 599 2350 tractus.
681 2308 789 2349 Cum
819 2302 1003 2363 ‘simplici
1036 2308 1164 2349 rubeo
1198 2308 1389 2348 umbram
1429 2306 1690 2348 exteriorem.

241 2376 365 2418 Adde
397 2391 492 2418 cum
526 2377 768 2432 impletione
789 2376 883 2431 plus
905 2375 1210 2431 auripigmenti,
1231 2380 1272 2415 et
1290 2374 1477 2415 illumina
1498 2373 1690 2429 primum.

243 2441 352 2484 Cum
374 2443 552 2500 simplici
573 2443 880 2499 auripigmento
901 2441 1089 2483 illumina
1108 2441 1309 2497 superius.

758 2571 766 2589 ¹
792 2573 812 2588 “
823 2575 854 2602 et
869 2571 923 2602 εἰν
968 2572 1031 2604 Ms.
1044 2572 1173 2613 amma.
