1970 3202
270 246 354 287 258
744 261 998 289 THEOPHILI
1031 262 1168 289 LIBER
1199 262 1269 289 111.

269 360 467 415 nigellum
493 375 589 401 cum
617 361 745 401 saliva
774 362 1056 402 madefactum
1086 362 1306 418 diligenter
1336 376 1386 402 ac
1415 361 1630 417 aequaliter
1659 376 1732 418 per

269 427 425 479 omnia,
466 428 600 469 donec
648 435 807 470 tractus
847 444 994 471 omnes
1040 436 1180 485 aperte
1220 430 1439 471 videantur
1479 435 1521 476 et
1560 429 1731 471 omnino

268 509 439 550 aequum.
457 496 522 537 sit.
583 496 756 538 Habeas
787 498 912 538 etiam
943 498 1101 553 lignum
1134 499 1187 539 de
1218 498 1365 539 arbore
1395 498 1497 549 tilia,
1529 497 1732 552 grossitu-

268 563 366 604 dine
387 570 429 605 et
449 564 711 619 longitudine
733 565 893 605 minimi
913 565 1047 621 digiti,
1069 566 1227 608 siccum
1248 572 1290 606 et
1309 566 1524 622 aequaliter
1539 565 1732 616 incisum;

268 646 392 686 super
421 632 536 688 quod
566 647 699 687 pones
729 633 942 688 pulverem
972 634 1088 674 illum
1118 634 1353 684 humidum,
1378 634 1449 689 qui
1470 633 1659 688 procedit
1678 634 1732 674 de

266 700 406 754 lapide
426 706 469 740 et
491 700 623 741 saliva
652 700 696 740 in
727 701 933 752 fricando,
955 707 998 741 et
1027 716 1124 741 cum
1149 701 1241 756 ipso
1262 701 1380 757 ligno
1402 716 1451 742 ac
1472 702 1621 742 eodem
1637 701 1732 756 pul—

266 782 363 808 vere
393 767 624 808 diutissime
655 767 824 808 fricabis
855 768 1070 823 nigellum,
1102 775 1144 810 et
1173 769 1319 810 leviter
1348 783 1594 824 semperque
1621 768 1732 808 adde

268 835 443 875 salivam
464 840 510 875 ut
537 835 757 875 humidum
782 835 847 886 sit,
869 836 1004 876 donec
1033 836 1217 877 lucidum
1239 837 1314 877 fiat
1334 851 1408 892 per
1428 836 1581 877 omnia.
1645 835 1733 876 De-

267 902 364 943 inde
386 903 486 943 tolle
507 917 652 957 sepum
684 903 736 943 de
767 903 972 944 foramine
1004 904 1188 945 auricula
1215 910 1308 956 tuae,
1330 911 1373 945 et
1394 919 1490 945 cum
1511 902 1732 944 exterseris

267 970 469 1025 nigellum
499 970 611 1011 lineo
643 985 784 1025 panno
817 971 970 1023 subtili,
992 986 1066 1026 per
1095 972 1238 1012 omnia
1257 971 1391 1022 linies,
1422 977 1465 1012 et
1494 985 1589 1012 cum
1618 970 1732 1012 corio

268 1037 457 1093 hyrcino,
489 1038 575 1079 sive
606 1039 773 1080 cervino
809 1038 955 1079 leniter
990 1039 1173 1091 fricabiS,
1209 1039 1344 1080 donec
1375 1038 1545 1080 omnino
1575 1038 1732 1079 clarum

269 1105 357 1146 fiat.

679 1512 996 1576 CAPUT
1078 1512 1316 1574 XLII.

672 1684 732 1710 DE
763 1682 947 1711 ORNATU
979 1681 1108 1709 VASIS
1139 1681 1330 1710 CALICIS.

368 1805 466 1846 ALI
500 1805 626 1846 modo
658 1804 851 1845 auriculis
883 1804 1057 1859 pleniter
1086 1804 1294 1859 perfectis,
1317 1804 1460 1860 accipe
1481 1818 1555 1844 vas
1577 1803 1731 1855 calicis,

396 1874 515 1928 cujus
546 1879 686 1914 costas
718 1872 905 1927 superius
936 1871 1166 1928 denigrasti
1187 1872 1397 1923 dimidias,
1429 1877 1470 1912 et
1498 1871 1604 1923 illas,
1626 1886 1732 1927 quas

268 1941 377 1982 inter
397 1941 474 1981 has
496 1941 656 1996 absque
686 1940 840 1995 nigello
871 1939 1089 1996 reliquisti,
1119 1939 1218 1980 lima
1248 1939 1463 1995 aequaliter
1483 1945 1525 1980 et
1545 1939 1659 1989 rade,
1681 1953 1731 1979 ac

267 2007 460 2064 pertrahe
489 2007 533 2047 in
563 2007 622 2047 eis
654 2022 759 2062 opus
791 2006 1076 2062 quodcunque
1097 2005 1290 2055 volueris,
1321 2005 1381 2046 sic
1410 2011 1553 2046 tamen
1582 2010 1629 2045 ut
1657 2004 1731 2045 ali-

267 2076 517 2133 quantulum
548 2075 758 2130 discrepet
790 2075 844 2116 ab
876 2074 990 2115 omni
1021 2088 1146 2129 opere
1177 2073 1332 2129 nigelli,
1363 2078 1489 2130 atque
1520 2087 1616 2114 cum
1646 2072 1732 2114 fos-

268 2144 378 2185 sorio
409 2144 518 2184 ferro
550 2142 695 2198 gracili
727 2142 932 2184 subtiliter
963 2141 1074 2182 fode.
1138 2141 1244 2182 Post
1274 2141 1363 2182 haec
1394 2141 1616 2182 deaurabis
1646 2154 1730 2191 eas,

266 2218 487 2268 totumque
514 2226 588 2252 vas
618 2210 792 2251 interius
827 2217 869 2251 et
904 2209 1084 2250 exterius
1118 2214 1297 2265 excepto
1329 2209 1498 2264 nigello,
1529 2214 1571 2250 et
1600 2209 1731 2264 polies

267 2288 394 2336 atque
421 2278 628 2320 colorabis
658 2279 766 2319 sicut
786 2278 1006 2319 auriculas.
1070 2277 1235 2318 Deinde
1256 2277 1471 2332 cooperies
1494 2282 1535 2317 et
1555 2277 1732 2318 circum-

266 2347 417 2403 ligabis
438 2346 661 2387 rotundam
682 2345 877 2386 incudem
893 2359 989 2386 eum
1006 2359 1260 2400 pergameno
1275 2344 1440 2400 aequali,
1463 2359 1587 2400 super
1601 2359 1729 2400 quam

269 2430 400 2471 pones
420 2429 508 2464 vas,
530 2414 642 2469 quod
665 2418 806 2454 teneat
833 2427 934 2468 puer
961 2418 1058 2453 ante
1082 2418 1124 2455 te
1145 2413 1294 2454 sedens
1316 2412 1500 2468 utrisque
1522 2412 1729 2463 manibus,

269 2489 472 2538 coaptans
504 2495 843 2537 unamquamque
873 2486 1034 2521 costam
1070 2480 1210 2521 incudi
1241 2480 1468 2536 aequaliter,
1500 2481 1730 2521 secundum

270 2551 384 2607 quod
405 2550 443 2591 ei
466 2549 654 2605 jusseris.
717 2548 888 2590 Interim
913 2549 1013 2589 tolle
1038 2548 1191 2588 ferrum
1216 2548 1383 2603 gracile,
1405 2547 1518 2603 quod
1541 2547 1731 2589 foramen

270 2620 399 2660 habet
432 2618 475 2658 in
511 2617 695 2673 cuspide,
736 2617 855 2671 cujus
897 2615 1144 2671 percussura
1177 2615 1496 2656 subtilissimum
1529 2615 1728 2656 circulum

269 2688 350 2738 fac,
381 2693 423 2728 et
452 2701 548 2727 cum
578 2685 648 2726 illo
678 2684 871 2740 implebis
902 2698 1048 2724 omnes
1079 2697 1252 2738 campos
1281 2682 1324 2723 in
1353 2683 1562 2724 deauratis
1587 2683 1730 2734 costis,

269 2755 447 2809 desuper
483 2767 579 2794 cum
613 2753 761 2793 malleo
791 2751 938 2793 leniter
968 2750 1252 2806 percutiendo,
1284 2757 1326 2792 et
1356 2765 1480 2806 opere
1512 2750 1730 2807 punctorio

270 2834 610 2877 unumquemque
635 2820 833 2861 circulum
862 2819 980 2860 alteri
1007 2818 1230 2860 ordinatim
1259 2819 1570 2874 conjungendo.
1631 2818 1730 2867 Quo

268 2890 434 2945 expleto
465 2889 583 2930 mitte
603 2903 677 2929 vas
707 2902 831 2943 super
861 2886 1079 2939 carbones,
1101 2887 1238 2928 donec
1268 2886 1348 2927 illae
1379 2900 1635 2943 percussurae
1664 2886 1730 2927 in-
