1970 3202
238 246 321 287 254
705 260 957 289 THEOPHILI
991 262 1126 289 mmm
1160 263 1226 289 111.

236 373 400 399 rursum
421 359 623 415 aequabis,
645 360 787 416 sicque
818 361 977 402 tamdiu
1008 362 1135 402 facies
1156 376 1289 418 usque
1310 362 1411 403 dum
1443 376 1589 403 aurum
1621 378 1694 419 per

236 426 377 467 omnia
398 427 621 468 adhaereat,
683 427 876 470 Secundo
895 429 1033 470 incide
1054 444 1202 470 aurum
1218 435 1260 470 et
1280 444 1378 470 cum
1400 443 1529 485 cupro
1550 445 1694 486 super—

235 507 359 548 pone,
382 500 507 550 atque
528 510 624 535 cum
645 496 741 550 igne
762 503 804 537 et
824 497 922 537 setis
945 496 1010 537 fac
1032 496 1139 537 sicut
1167 496 1370 551 superius.
1430 496 1570 538 Tertio
1594 512 1694 539 vero

234 561 420 602 similiter
440 562 580 604 facies.
642 563 836 619 Cumque
868 565 989 604 tertia
1024 565 1112 605 vice
1144 579 1292 605 aurum
1326 565 1501 619 coeperit
1533 565 1692 616 siccari,

235 642 331 668 cum
365 628 485 670 siccis
506 630 605 670 setis
638 630 821 681 fricabis‚
857 631 992 672 donec
1024 632 1198 686 incipiat
1230 632 1468 686 pallescere.
1530 631 1693 673 sivero

238 711 291 737 ex
309 697 564 752 negligentia
580 698 814 753 contigerit,
827 703 874 738 ut
895 698 1035 754 aliqua
1049 699 1213 739 macula
1226 704 1426 753 appareat
1445 699 1487 739 in
1505 706 1693 755 argento,

234 763 306 803 ubi
326 778 473 804 aurum
494 770 619 805 tenue
641 765 694 806 sit
714 772 756 806 et
786 766 1043 821 inaequaliter
1060 766 1259 820 positum,
1281 779 1378 806 cum
1401 780 1530 821 cupro
1552 781 1694 821 super-

235 845 359 885 pone,
381 836 423 872 et
443 846 539 872 cum
560 832 681 872 siccis
703 833 802 873 setiS
829 847 964 888 aequa,
986 833 1122 873 donec
1157 848 1230 888 per
1263 832 1408 873 omnia
1435 833 1594 888 aequale
1627 833 1692 873 sit.

236 896 363 945 Quod
404 913 502 939 cum
543 899 708 949 videris,
749 900 870 941 mitte
906 900 949 940 in
990 915 1144 956 aquam
1181 906 1223 940 et
1253 899 1421 939 mundis
1449 900 1549 940 setis
1584 900 1692 950 lava,

235 978 481 1021 rursumque
528 981 688 1021 ponens
732 982 856 1023 super
896 969 1101 1009 carbones
1142 967 1305 1008 tamdiu
1345 966 1518 1018 calefac,
1558 967 1693 1008 donec

236 1032 408 1074 omnino
429 1048 621 1075 croceum
648 1035 734 1076 fiat.

593 1434 909 1497 CAPUT
987 1435 1321 1497 XXXIX.

657 1593 717 1619 DE
748 1592 851 1620 POLI
857 1592 981 1619 ENDA
1012 1593 1073 1620 AU
1080 1593 1195 1620 RATU
1201 1593 1271 1620 ΒΑ.

235 1705 265 1738 Γ
337 1704 492 1746 OLLE
524 1704 593 1744 fila
630 1718 681 1744 ex
713 1703 922 1744 auricalco
958 1703 1126 1758 gracilia
1161 1703 1418 1758 complicans
1450 1717 1512 1755 ea,
1544 1703 1615 1755 ita,
1647 1709 1693 1745 ut

365 1773 576 1828 plicaturae
607 1772 690 1812 sint
719 1771 773 1812 ad
805 1771 1111 1826 longitudinem
1142 1770 1288 1826 digiti3
1321 1777 1363 1812 et
1392 1785 1488 1811 cum
1509 1772 1693 1827 quadru-

236 1841 364 1896 plices
385 1841 552 1891 fuerint,
575 1840 726 1896 colliga
742 1854 815 1880 eos
830 1840 901 1880 filo
923 1840 1047 1890 lineo,
1067 1846 1113 1880 ut
1132 1839 1186 1880 sit
1207 1839 1327 1895 quasi
1349 1854 1432 1880 una
1453 1854 1562 1895 pars.
1624 1839 1693 1880 Ex

235 1910 300 1951 his
321 1909 511 1965 partibus
533 1909 599 1949 fac
621 1914 799 1964 quatuor
828 1914 901 1949 aut
933 1908 1129 1964 quinque,
1152 1909 1216 1949 vel
1238 1923 1325 1960 seX‚
1346 1908 1405 1949 ita
1426 1915 1472 1949 ut
1492 1922 1577 1949 una
1599 1922 1693 1963 pars

234 1978 390 2019 habeat
423 1983 506 2018 tres
542 1977 783 2032 plicaturas,
819 1977 901 2017 alia
933 1982 1131 2032 quatuor,
1167 1976 1288 2017 tertia
1321 1976 1520 2032 quinque,
1556 1982 1598 2017 et
1634 1976 1693 2017 sic

233 2045 501 2087 ascendendo
522 2059 657 2100 usque
686 2044 739 2085 ad
771 2050 881 2086 octo.
943 2043 1109 2092 Quibus
1130 2044 1325 2085 omnibus
1345 2043 1586 2099 singillatim
1607 2044 1694 2085 col-

233 2114 387 2170 ligatis,
409 2114 474 2154 fac
501 2113 713 2154 modicum
745 2112 935 2153 foramen
964 2112 1007 2152 in
1039 2111 1169 2167 ligno,
1200 2111 1242 2152 in
1263 2111 1378 2168 quod
1400 2126 1533 2167 pones
1554 2126 1607 2152 ex
1627 2111 1692 2152 his

234 2181 447 2237 particulis
477 2195 620 2230 unam,
651 2186 693 2220 et
724 2179 897 2220 infunde
932 2180 1165 2235 plumbum,
1203 2179 1262 2220 ita
1292 2185 1339 2220 ut
1368 2194 1463 2220 cum
1494 2178 1692 2234 frigidum

233 2249 357 2290 fuerit
378 2255 420 2290 et
439 2248 682 2299 extraxeris,
698 2248 941 2294 adhaereant
961 2247 1157 2302 sibiipsae
1178 2247 1392 2303 plicaturae
1413 2246 1533 2303 quasi
1554 2247 1691 2302 plum-

234 2318 315 2359 beo
345 2317 459 2358 nodo
479 2316 632 2357 infixae.
695 2314 791 2356 Hoc
822 2315 950 2356 modo
982 2315 1049 2356 fac
1080 2315 1254 2370 singulis
1284 2314 1472 2370 partibus
1503 2314 1691 2369 singulos

235 2385 369 2426 nodos
400 2384 633 2440 plumbeos,
665 2389 707 2424 et
735 2382 923 2423 incidens
954 2382 1180 2438 plicaturas
1213 2396 1359 2423 omnes
1383 2381 1475 2437 jam
1496 2381 1539 2421 in
1560 2381 1692 2422 altera

233 2458 365 2509 parte,
394 2452 495 2492 lima
523 2456 565 2492 et
596 2450 696 2491 rade
725 2450 987 2491 summitates
1023 2464 1180 2501 earum,
1214 2456 1261 2490 ut
1297 2449 1488 2490 rotundae
1519 2450 1623 2489 fiant
1649 2454 1692 2490 et

233 2522 414 2577 aequales
427 2537 438 2572 3
471 2534 567 2561 cum
590 2518 741 2575 quibus
762 2517 882 2574 quasi
912 2518 1155 2573 sculpendo,
1177 2516 1355 2572 polim-is,
1377 2516 1507 2572 polies
1528 2517 1691 2557 auricu-

234 2590 298 2630 las
311 2589 536 2630 deauratas
553 2587 596 2627 in
610 2600 721 2642 aqua
733 2600 838 2641 pura
852 2591 895 2626 et
909 2600 1008 2626 vase
1021 2585 1192 2626 munda.
1254 2584 1374 2633 Quas
1395 2599 1491 2626 cum
1513 2585 1690 2626 extremi

233 2662 354 2712 parte
367 2655 595 2711 sculpendo
617 2654 796 2710 polieris,
818 2668 927 2709 pone
949 2668 1072 2709 super
1092 2653 1296 2694 carbones
1317 2653 1453 2694 donec
1474 2653 1691 2694 calefactae

232 2724 276 2764 in
298 2724 456 2765 fulvum
477 2723 663 2764 colorem
694 2727 1005 2773 convertantur,
1036 2728 1078 2762 et
1098 2721 1275 2777 perdant
1295 2721 1540 2772 claritatem,
1562 2735 1688 2777 quam
