1970 3202
299 280 390 320 314
748 295 1002 324 THEOPHILI
1036 296 1174 323 mni-:R
1206 297 1275 324 111.

657 507 962 570 CAPUT
1043 507 1391 569 LXVIII.

587 672 818 705 QUALITER
851 673 1129 701 DEAURE'I'UR
1158 672 1469 702 AURICALCUM.

421 790 715 832 EAURARE
755 790 818 831 vis
867 790 992 846 igitur
1033 790 1289 832 thuribulum
1335 806 1387 833 ex
1428 792 1649 844 auricalco,
1690 793 1756 835 fac

477 858 624 899 eodem
646 858 774 899 modo
805 857 911 899 sicut
940 857 1128 912 superius
1149 858 1358 900 deaurasti
1380 859 1584 901 auriculas
1606 875 1754 916 argen-

299 927 355 968 tei
377 926 528 978 calicis,
551 926 625 967 sed
656 941 753 967 cum
783 926 931 982 majori
952 926 1129 978 cautela,
1151 926 1250 982 quia
1274 933 1494 982 argentum
1514 933 1557 969 et
1577 928 1753 983 simplex

300 1009 476 1050 cuprum
507 994 667 1035 facilius
697 994 888 1035 deaurari
918 999 1095 1049 possunt
1130 1008 1258 1050 quam
1288 994 1555 1036 auricalcum.
1617 994 1757 1036 Debet

300 1062 411 1103 enim
442 1062 651 1104 morosius
677 1067 719 1103 et
743 1062 981 1118 diligentius
1010 1061 1184 1102 invivari
1209 1067 1252 1102 et
1280 1061 1452 1118 spissius
1482 1062 1686 1114 deaurari,
1717 1068 1759 1103 et

300 1130 557 1186 frequentius
577 1130 721 1182 lavari,
743 1134 785 1171 et
808 1129 964 1170 diutius
985 1129 1143 1170 siccari.
1205 1128 1334 1178 Quod
1355 1144 1451 1171 cum
1473 1131 1645 1186 coeperit
1666 1145 1757 1172 cro-

300 1213 421 1239 ceum
452 1198 634 1240 colorem
664 1197 842 1249 trahere,
873 1197 908 1238 si
938 1196 1089 1237 videris
1124 1196 1241 1238 albas
1274 1198 1460 1239 maculas
1491 1199 1674 1255 undique
1705 1213 1756 1239 ex

299 1265 397 1307 inde
419 1266 545 1318 exire,
567 1271 613 1306 ut
631 1265 766 1307 nolint
786 1264 998 1321 aequaliter
1013 1264 1172 1316 siccari,
1195 1264 1285 1306 haec
1305 1271 1369 1306 est
1384 1266 1507 1321 culpa
1522 1267 1758 1320 calaminae‚

299 1333 413 1389 quod
435 1348 521 1375 non
541 1333 655 1385 fuit1,
678 1333 785 1374 bene
809 1338 1032 1388 purgatum
1063 1337 1106 1374 et
1134 1338 1371 1385 excoctum,
1399 1334 1513 1390 quod
1535 1334 1594 1375 sic
1615 1349 1759 1375 emen-

300 1401 434 1442 dabis.
484 1400 603 1442 Tolle
623 1400 803 1457 smigma
819 1406 862 1442 et
877 1414 986 1456 pone
1003 1400 1045 1441 in
1061 1401 1277 1442 vasculum
1294 1402 1511 1452 mundum,
1529 1407 1572 1443 et
1586 1401 1759 1443 infunde

300 1468 338 1509 ei
359 1483 527 1524 aquam,
559 1474 600 1509 et
621 1469 763 1524 digitis
793 1468 875 1510 tuis
905 1468 1025 1524 quasi
1055 1468 1238 1509 lavando
1269 1469 1495 1510 commisce
1524 1469 1758 1525 diligenter,

300 1537 435 1578 donec
465 1538 541 1578 fiat
571 1537 690 1593 quasi
720 1537 789 1578 fex
819 1535 1041 1587 cerevisiae,
1080 1540 1206 1591 atque
1237 1549 1333 1576 cum
1364 1535 1465 1576 setis
1494 1536 1610 1590 porei
1641 1536 1760 1577 linies

300 1605 403 1645 illud
420 1605 634 1660 aequaliter
649 1619 724 1661 per
739 1604 880 1646 omnia
896 1617 1020 1659 super
1035 1603 1284 1644 deauratum
1300 1603 1541 1645 turibulum.
1594 1603 1761 1645 Deinde

300 1686 411 1728 pone
433 1687 558 1728 super
584 1673 802 1724 carbones,
834 1678 876 1713 et
897 1677 985 1712 tam
1006 1671 1077 1711 diu
1097 1670 1269 1722 calefac,
1299 1670 1435 1712 donec
1463 1671 1670 1713 confectio
1690 1672 1762 1713 illa

300 1739 474 1795 incipiat
494 1739 744 1795 nigrescere,
776 1746 819 1780 et
839 1738 899 1780 sic
919 1739 1088 1780 elevans
1109 1753 1205 1779 cum
1226 1738 1384 1794 forcipe
1412 1753 1486 1794 per
1506 1739 1648 1780 omnia
1667 1739 1762 1779 dili-

301 1813 449 1862 genter
468 1821 667 1863 asperges
688 1806 816 1864 aqufi„
832 1806 973 1863 sicque
992 1806 1165 1858 lavabis,
1182 1811 1224 1847 et
1243 1820 1339 1847 cum
1361 1805 1441 1846 filis
1462 1820 1515 1847 ex
1536 1805 1760 1858 auricalco,

300 1879 348 1914 ut
379 1889 504 1929 supra
543 1874 702 1915 dictum
743 1880 819 1926 est,
851 1874 997 1930 polies.
1060 1873 1158 1922 Quo
1191 1873 1303 1916 facto
1336 1888 1500 1915 rursum
1531 1873 1760 1914 circumfri-

302 1941 418 1982 cabis
435 1956 532 1982 cum
548 1942 811 1983 confectione
827 1941 976 1983 vinicei
996 1941 1162 1997 lapidis,
1178 1947 1220 1984 et
1239 1941 1334 1983 vivo
1355 1946 1544 1997 argento,
1561 1947 1603 1982 et
1622 1942 1760 1983 denuo

301 2009 522 2051 deaurabis
543 2015 713 2065 propter
740 2010 922 2051 calorem
943 2009 1188 2061 carbonum,
1215 2009 1287 2066 qui
1308 2009 1461 2065 saepius
1481 2009 1525 2050 in
1544 2009 1644 2050 illud
1666 2008 1760 2049 mit-

302 2083 456 2129 tuntur,
497 2091 550 2118 ne
584 2077 707 2128 forte,
749 2077 784 2118 si
819 2082 944 2118 tenue
984 2077 1231 2118 deauratum
1265 2076 1402 2129 fuerit,
1438 2077 1576 2132 ipsum
1612 2091 1760 2118 aurum

301 2144 586 2197 comburatur,
620 2144 764 2201 sicque
794 2144 944 2186 iterum
975 2145 1106 2200 polies
1136 2159 1233 2186 cum
1261 2144 1357 2197 filis,
1393 2158 1443 2185 ac
1463 2144 1604 2186 denuo
1635 2159 1761 2200 super

302 2212 506 2253 carbones
535 2227 668 2268 pones
698 2212 855 2253 diutius
893 2212 1154 2264 calefaciens,
1195 2211 1331 2253 donec
1360 2212 1536 2253 rubeum
1577 2213 1760 2253 colorem

302 2279 453 2331 trahat,
484 2291 527 2321 et
546 2295 646 2322 mox
675 2280 937 2335 refrigerabis
964 2280 1007 2321 in
1035 2293 1160 2335 aqua,
1191 2284 1234 2320 et
1261 2293 1357 2320 cum
1384 2279 1500 2320 ferris
1530 2279 1762 2335 aequalibus

302 2353 344 2387 et
363 2347 417 2388 ad
438 2347 519 2388 hoc
547 2347 655 2403 aptis
675 2347 822 2402 polieS,
852 2347 995 2403 sicque
1015 2361 1112 2388 cum
1139 2351 1375 2388 atramento
1396 2346 1617 2388 combusto
1638 2346 1756 2388 inco-

303 2414 471 2466 lorabis,
492 2420 540 2456 ut
559 2414 842 2471 praediximus.

348 2559 356 2577 ¹
383 2560 402 2576 “
413 2560 571 2600 aequaliter
585 2559 757 2598 commixta,
772 2558 835 2591 sive
850 2559 976 2600 plumbi,
991 2559 1072 2599 quod
1085 2568 1210 2600 cuprum
1224 2569 1286 2590 non
1300 2558 1360 2590 fuit
1369 2558 1387 2572 ’'
1402 2560 1456 2591 Ex
1471 2559 1545 2591 cod.
1560 2559 1691 2600 Gmlph.
