1970 3202
289 254 374 295 392

754 269 1007 296 THEOPHILI
1041 269 1179 296 LIBER
1210 270 1280 298 111.

692 461 1001 523 CAPUT
1080 461 1395 524 XCVL¹

748 606 808 632 DE
838 606 993 633 AUREA
1024 605 1211 634 SCRIPTU
1217 605 1290 633 ΒΑ.

405 711 504 810 SI
527 714 619 768 quis
640 715 886 770 scripturam
907 715 1055 771 quaerit
1074 716 1153 757 sibi
1173 716 1351 757 scribere
1371 714 1586 770 pulchram

518 780 585 821 Ex
607 796 721 834 auro,
744 784 857 838 legat
878 783 960 824 hoc
980 783 1095 838 quod
1119 783 1190 823 vili
1210 783 1393 823 carmine
1413 782 1521 824 dico.

402 847 564 888 Aurum
585 864 681 890 cum
703 865 807 904 puro
829 865 943 891 mero
967 851 1095 891 molat
1115 864 1248 905 usque
1270 850 1453 891 solutum

404 914 499 956 Hoc
519 916 694 957 nimium
716 918 837 959 fuerit
848 934 859 969 3
893 932 1049 959 moneo
1066 918 1180 973 quod
1202 932 1313 973 saepe
1333 918 1443 958 lavet
1461 917 1577 969 illud,

402 982 515 1024 Nam
536 985 634 1040 quia
653 985 843 1041 deposcit
863 986 944 1027 hoc
966 986 1152 1027 candens
1173 985 1329 1041 pagina
1348 985 1454 1027 libri.

403 1050 517 1092 Exin
536 1052 717 1094 thaurini
738 1053 866 1095 faciat
885 1054 1139 1110 pinguedine
1161 1053 1267 1094 fellis

401 1117 498 1160 Hoc
517 1119 734 1175 liquidum,
756 1120 790 1162 si
810 1122 899 1162 vult
918 1136 991 1162 seu
1012 1135 1109 1162 cum
1130 1120 1386 1177 pinguedine
1406 1119 1579 1175 gummi.

400 1187 540 1243 Atque
560 1202 663 1244 rogo
684 1189 836 1244 pariter
856 1190 1019 1231 calamo
1041 1203 1135 1230 cum
1158 1188 1315 1244 ceperit
1335 1202 1484 1229 aurum

402 1253 526 1296 Illum
547 1263 824 1310 commoveat,
844 1257 1016 1314 pulchre
1037 1256 1070 1298 si
1092 1256 1269 1298 scribere
1289 1253 1448 1311 quaerit.

402 1321 514 1364 Hinc
535 1325 690 1366 siccata
711 1326 783 1366 sed
804 1332 851 1366 ut
870 1325 992 1366 fuerit
1015 1324 1234 1380 scriptura,
1255 1322 1459 1363 nitentem

402 1389 529 1432 Hunc
550 1393 726 1434 nimium
749 1393 872 1434 faciat
893 1393 976 1433 ursi
998 1407 1094 1433 cum
1112 1392 1237 1432 dente
1257 1389 1419 1431 ferocis.

662 1701 977 1766 CAPUT
1054 1699 1426 1763 XCVIL²

644 1860 704 1885 DE
736 1857 956 1887 FLORIBUS
988 1856 1050 1882 AD
1080 1854 1391 1883 SCRIBENDUM.

405 1953 699 2052 FLORES
721 1955 763 1994 in
784 1953 922 1994 varios
942 1951 1012 2008 qui
1034 1951 1123 1992 vult
1143 1956 1305 1992 mutare
1325 1951 1485 1992 colores

523 2022 664 2062 Causa
685 2020 895 2063 scribendi
917 2034 1024 2076 quos
1044 2019 1137 2060 libri
1159 2019 1316 2075 pagina
1337 2019 1485 2075 poscit,

330 2145 334 2148 p
403 2090 483 2131 Est
502 2104 608 2145 opus
629 2095 676 2130 ut
696 2094 858 2145 segetes
878 2088 922 2129 in
943 2102 1107 2128 summo
1128 2102 1251 2128 mane
1272 2092 1454 2143 pererret

404 2157 462 2198 Et
480 2163 580 2198 tune
602 2156 790 2198 diversos
811 2156 936 2197 flores
958 2161 1134 2212 ortuque
1154 2162 1343 2197 recentes

404 2224 611 2275 Inveniat,
634 2229 909 2280 properetque
930 2222 1010 2264 sibi
1031 2223 1251 2278 decerpere
1271 2222 1455 2264 eosdem.

402 2291 596 2348 Cumque
615 2291 731 2334 domi
751 2290 906 2333 fuerint
926 2296 1074 2332 caveat
1092 2305 1145 2331 ne
1166 2296 1296 2346 ponat
1315 2290 1359 2330 in
1380 2304 1512 2331 unum

404 2360 517 2410 Illos,
538 2359 612 2400 sed
634 2359 759 2400 faciat
779 2359 893 2415 quod
914 2358 1010 2400 talis
1030 2373 1096 2400 res
1117 2359 1196 2399 sibi
1216 2358 1353 2414 poscit
1373 2358 1438 2400 vel
1457 2356 1618 2414 quaerit.

403 2428 520 2469 Dum
541 2442 665 2483 super
685 2426 889 2483 aequalem
911 2431 1071 2481 petram
1095 2425 1339 2466 contriveris
1359 2426 1463 2467 istos

403 2495 561 2546 Flores,
581 2494 793 2535 incoctum
814 2494 967 2550 pariter
986 2500 1076 2534 tum
1098 2507 1277 2548 congere
1297 2507 1493 2549 gypsum.

400 2562 470 2605 Sic
490 2563 565 2604 tibi
585 2563 764 2604 siccatos
785 2561 941 2617 poteris
962 2574 1128 2602 servare
1150 2561 1322 2602 colores.

401 2631 469 2672 Ex
490 2631 643 2688 quibus
663 2630 704 2670 in
726 2630 901 2671 viridem
923 2629 959 2671 si
978 2629 1040 2670 vis
1060 2633 1223 2669 mutare
1243 2628 1443 2680 colorem,

402 2699 574 2740 Calcem
594 2698 821 2739 commisce
842 2712 938 2739 cum
958 2696 1146 2749 floribus,
1168 2695 1264 2737 inde
1283 2695 1446 2737 videbis

403 2766 530 2815 Quod
552 2766 625 2807 tibi
648 2765 859 2818 mandavi,
881 2765 1010 2807 veluti
1032 2764 1121 2821 ipse
1141 2762 1328 2820 probavi.

417 2877 426 2895 ¹
451 2877 471 2895 “
482 2876 595 2909 Eraclii
605 2876 623 2889 ''
639 2877 759 2909 videtur
773 2887 839 2909 esse.
1184 2875 1197 2893 ¹
1221 2876 1242 2894 “
1253 2873 1365 2907 Brachi
1374 2874 1390 2889 ’'
1405 2873 1546 2917 capitula
1561 2878 1611 2907 m.
