1970 3202
223 288 308 328 204
557 303 786 333 PROLOGUS
820 306 865 332 IN
899 307 1076 334 L1BRUM
1109 308 1325 336 TERTIUM.

222 403 478 458 abscondis,
515 407 595 452 sed
630 422 737 452 cum
773 408 1040 456 humilitate
1074 411 1228 470 palam
1263 412 1497 471 operando
1529 418 1578 458 et
1603 413 1683 458 do-

222 484 384 536 cendo,
427 500 705 544 cognoscere
747 486 1042 545 cupientibus
1081 488 1283 534 fideliter
1323 489 1552 543 ostendis3
1600 504 1682 549 per

221 561 435 620 spiritum
461 561 746 607 fortitudinis
770 577 957 607 omnem
983 565 1198 625 segnitiei
1223 572 1458 625 torporem
1487 567 1680 619 excutis,

221 645 271 684 et
306 639 526 699 quicquid
562 654 654 683 non
689 639 818 684 lento
849 641 1092 686 conamine
1123 642 1300 702 incipis,
1332 642 1482 702 plenis
1508 643 1680 688 viribus

219 716 279 760 ad
303 715 523 761 effectum
547 716 788 776 perducis3
820 731 905 775 per
928 717 1143 776 spiritum
1167 718 1372 763 scientiae
1397 734 1679 772 concessum,

220 808 280 838 ex
305 793 562 837 abundanti
598 793 737 837 corde
775 793 1024 838 dominaris
1056 794 1254 854 ingenio,
1287 801 1334 839 et
1359 810 1449 854 quo
1472 795 1680 855 perfecte

218 870 426 915 abundas
461 869 610 928 plenae
645 870 816 914 mentis
852 870 1044 914 audacia
1081 870 1226 915 uteris
1261 871 1307 914 in
1348 871 1563 930 publico;
1599 887 1681 932 per

218 946 432 1005 spiritum
463 946 665 1006 pietatis,
698 946 822 1005 quid,
857 946 945 998 cui,
983 947 1180 1005 quando,
1214 952 1444 1006 quantum
1468 948 1545 993 vel
1569 964 1681 1007 qua—

218 1023 326 1068 liter
361 1023 524 1082 operis,
550 1028 598 1068 et
636 1038 693 1068 ne
729 1023 950 1082 subrepat
984 1023 1188 1068 avaritiae
1213 1038 1294 1067 seu
1320 1024 1590 1082 cupiditatis
1615 1025 1678 1069 vi-

218 1099 350 1153 tium,
386 1099 614 1144 mercedis
648 1100 852 1159 pretium
888 1100 965 1159 pia
996 1099 1366 1144 consideratione
1397 1100 1679 1154 moderaris3

217 1191 301 1236 per
335 1176 550 1236 spiritum
587 1176 765 1221 timoris
790 1175 984 1220 Domini
1015 1181 1065 1220 te
1098 1174 1215 1220 nihil
1250 1190 1308 1220 ex
1341 1180 1389 1220 te
1413 1190 1547 1235 posse
1571 1192 1680 1222 con-

217 1254 401 1306 sideras,
438 1253 553 1297 nihil
590 1253 910 1298 inconcessum
945 1268 973 1297 a
1008 1251 1113 1298 Deo
1149 1259 1198 1297 te
1239 1252 1410 1298 habere
1445 1268 1526 1298 seu
1559 1254 1679 1299 velle

217 1330 405 1390 cogitas,
442 1330 523 1374 sed
549 1329 792 1382 credendo,
825 1329 1105 1382 confitendo,
1128 1330 1300 1390 grat-ias
1332 1330 1526 1390 agendo,
1551 1331 1678 1389 quic-

216 1406 327 1466 quid
363 1406 496 1459 nosti,
522 1406 596 1451 vel
633 1421 694 1459 05,
729 1411 811 1451 aut
848 1421 946 1451 esse
970 1412 1116 1466 potes,
1154 1406 1318 1451 divinae
1355 1406 1677 1452 misericordiae

216 1490 419 1544 reputas.

285 1726 374 1772 His
427 1727 654 1770 virtutum
704 1724 1084 1784 stipulationibus
1135 1725 1379 1777 animatus,
1444 1725 1676 1771 carissime

217 1804 322 1857 Fili,
358 1804 549 1848 domum
587 1801 691 1854 Dei,
734 1801 1012 1846 fiducialiter
1041 1816 1296 1862 aggressus,
1338 1807 1471 1845 tanto
1519 1801 1676 1861 lepore

216 1881 457 1933 decorasti,
517 1886 565 1924 et
617 1879 853 1938 laquearia
902 1883 985 1923 seu
1037 1879 1240 1938 parietes
1294 1878 1476 1923 diverso
1523 1894 1675 1939 opere,

214 1958 498 2016 diversisque
533 1956 763 2001 coloribus
801 1956 1091 2016 distinguens
1120 1956 1331 2016 paradysi
1356 1954 1448 2000 Dei
1472 1956 1676 2016 speciem

215 2034 402 2079 floribus
426 2033 561 2078 variis
580 2038 865 2087 vernantem,
889 2033 1098 2093 gramine
1122 2032 1336 2092 foliisque
1359 2033 1601 2087 virentem,
1626 2039 1676 2079 et

213 2118 479 2157 sanctorum
503 2111 678 2156 animas
703 2110 869 2155 diversi
893 2110 1048 2155 meriti
1082 2109 1261 2154 coronis
1286 2109 1538 2163 foventem,
1563 2126 1675 2170 quo-

215 2188 462 2234 dammodo
502 2187 834 2247 aspicientibus
863 2187 1121 2240 ostendisti,
1162 2187 1379 2246 quodque
1417 2193 1673 2232 creatorem

214 2264 371 2311 Deum
405 2265 451 2308 in
489 2269 701 2309 creatura
733 2264 939 2318 laudant,
965 2271 1014 2309 et
1049 2264 1308 2309 mirabilem
1335 2265 1382 2307 in
1408 2265 1501 2309 suis
1526 2266 1675 2324 operi-

213 2343 300 2387 bus
340 2342 608 2401 praedicant,
651 2341 858 2386 effecisti.
930 2340 1030 2386 Nec
1071 2342 1194 2386 enim
1232 2341 1517 2401 perpendere
1549 2341 1672 2387 valet

212 2417 442 2463 humanus
467 2417 639 2471 oculus,
665 2418 738 2463 cui
765 2418 892 2477 operi
917 2418 1117 2478 primum
1142 2418 1290 2463 aciem
1316 2418 1505 2479 infigat3
1541 2419 1576 2463 si
1602 2434 1673 2463 re-

211 2495 349 2555 spicit
372 2495 616 2555 laquearia,
641 2500 836 2541 vernant
871 2495 999 2554 quasi
1034 2494 1200 2555 pallia;
1234 2495 1269 2540 si
1307 2496 1569 2541 considerat
1592 2510 1672 2555 pa-

1943 295 1958 515 ..μ-..ι-Ωιω--ΑκΔ

1945 1055 1970 1129 3
