1970 3202
337 254 423 296 404
799 271 1055 299 THEOPHILI
1087 273 1225 300 LIBER
1256 273 1327 301 111.

340 366 423 409 Sed
444 368 519 410 tibi
538 369 664 411 frater
693 369 747 412 sit
775 377 923 413 notum
953 371 989 413 si
1013 372 1118 413 dura
1145 373 1268 415 fuerit
1288 387 1457 430 gemma
1475 379 1604 430 atque
1623 373 1797 430 aequalis

340 436 474 492 magis
493 437 635 479 lucida
655 452 705 479 ac
725 439 948 495 perspicua
969 440 1058 481 erit.

788 799 1097 863 CAPUT
1176 793 1406 864 CIXJ

777 945 839 972 DE
871 945 1149 974 SCULPENDIS
1181 947 1372 974 GEMMIS.

346 1042 550 1143 SUNT
579 1043 768 1084 nonnulli
798 1043 870 1100 qui
899 1043 1017 1085 ferris
1047 1045 1099 1085 ad
1132 1044 1378 1086 incidendos
1404 1044 1566 1100 lapides
1594 1049 1802 1100 tempera-

481 1116 670 1152 mentum
691 1118 885 1168 quaerunt
903 1112 1084 1168 ideoque
1106 1112 1251 1169 scripsi
1270 1112 1381 1154 hanc
1402 1118 1534 1154 artem
1555 1127 1683 1169 quam
1703 1127 1802 1168 pro-

344 1179 442 1221 bavi
460 1186 508 1220 ut
528 1186 570 1221 et
599 1180 720 1235 periti
749 1180 930 1221 artifices
961 1180 1110 1221 sciant.
1172 1179 1415 1236 Hyrcinum
1436 1195 1594 1222 saevum
1614 1185 1803 1236 tempore

342 1248 414 1289 illo
444 1262 540 1288 cum
574 1253 761 1289 ureretur
801 1262 926 1304 yrcus
957 1263 1101 1290 amore
1132 1248 1289 1304 accepi,
1335 1253 1462 1304 atque
1501 1248 1655 1289 sermm
1687 1248 1803 1305 quod

343 1320 577 1371 temperare
596 1315 710 1356 volui
739 1315 782 1356 in
811 1315 920 1357 illius
950 1316 1206 1372 pinguedine
1236 1316 1410 1369 extinxi,
1441 1316 1584 1373 sicque
1603 1316 1648 1357 in
1668 1315 1805 1357 maxi-

346 1396 462 1423 mam
482 1397 647 1424 versum
669 1389 735 1424 est
754 1383 964 1425 duritiam.

813 1719 1119 1783 CAPUT
1198 1720 1395 1783 ΟΧ.2

624 1875 685 1902 ΒΕ
715 1875 865 1904 EBORE
896 1875 1071 1904 PETALA
1100 1875 1215 1904 AURI
1247 1876 1539 1905 DECORANDO.

354 1960 612 2061 OMNIS
641 1963 786 2004 incisio
815 1979 910 2020 quae
939 1964 983 2004 in
1013 1964 1139 2005 ebore
1169 1964 1391 2006 decoratur
1414 1963 1599 2019 petulam
1619 1962 1708 2003 auri
1728 1961 1807 2004 sibi

513 2030 673 2086 quaerit.
734 2030 875 2080 Quam
906 2032 941 2072 si
961 2031 1023 2072 vis
1053 2045 1179 2087 super
1208 2031 1311 2072 ebur
1333 2031 1471 2072 facere
1490 2044 1659 2086 ponere,
1679 2030 1807 2072 facito

327 2098 434 2145 ‚hoc
453 2098 569 2153 quod
597 2098 674 2138 tibi
703 2099 858 2154 scripto
885 2099 1078 2140 ostendo.
1140 2097 1293 2147 Quaere
1322 2098 1399 2139 tibi
1428 2099 1585 2139 clarum
1613 2111 1666 2138 ex
1684 2096 1808 2139 valde

352 2165 512 2206 clarum
533 2165 693 2221 gummi
722 2166 941 2222 liquorem,
969 2167 1043 2223 qui
1073 2181 1127 2207 ex
1147 2165 1287 2207 vesica
1314 2165 1426 2207 cethi
1445 2166 1506 2206 fit.
1567 2163 1674 2205 Haec
1695 2163 1807 2205 enim

350 2233 579 2288 vulgariter
606 2233 713 2274 huso
743 2240 1022 2290 nuncupatur.
1084 2233 1129 2274 Si
1161 2239 1303 2275 autem
1334 2248 1388 2274 ex
1417 2233 1567 2274 eadem
1595 2231 1807 2283 habueris,

352 2300 504 2356 partim
523 2300 634 2342 hane
652 2292 842 2357 decoque
858 2316 954 2343 cum
976 2316 1087 2358 aqua
1103 2301 1146 2342 in
1158 2316 1272 2353 vase,
1291 2301 1359 2342 ille
1379 2314 1563 2356 moxque
1582 2299 1627 2340 in
1646 2298 1808 2355 gummi

348 2367 555 2423 liquorem
594 2369 864 2410 convertitur.
934 2368 1004 2410 Ex
1045 2369 1195 2410 eodem
1236 2383 1337 2424 ergo
1380 2367 1626 2409 incisionem
1668 2366 1808 2408 eboris

353 2450 482 2491 quam
502 2435 564 2477 vis
584 2450 685 2477 auro
706 2436 916 2489 decorare,
937 2437 1116 2492 pincello
1136 2451 1262 2493 unge,
1283 2451 1333 2478 ac
1353 2436 1504 2477 deinde
1525 2435 1723 2491 petulam,
1743 2449 1809 2476 re-

355 2508 495 2545 motus
514 2518 541 2545 a
559 2509 702 2557 vento,
723 2519 846 2560 pone.

614 2632 623 2650 ¹
647 2634 668 2649 “
680 2632 792 2663 Eraclii
804 2632 820 2644 ’'
834 2643 903 2674 cap.
920 2638 968 2664 est.
1421 2631 1434 2649 '
1457 2632 1548 2663 idem.

1947 1499 1970 1528 ⁴7¹
1951 1182 1970 1493 ¹¹⁴-7tz’2-v-vfsswamwa
1951 1026 1970 1175 'flm-
1957 1006 1965 1020 ¹·
1959 991 1961 994 ’

1951 1536 1967 1566 ³31

1946 1591 1960 1657 3

1953 1646 1970 1675 —3-
