1970 3202
308 234 365 275 46
767 247 1018 276 THEOPHILI
1051 250 1187 278 LIBER
1219 251 1248 278 1.

641 391 957 455 CAPUT
1038 392 1419 455 XXXVIL

823 527 883 554 DE
914 529 1066 555 VIRIDI
1098 527 1244 555 SALSO.

391 610 410 651 I
442 617 582 653 autem
629 614 802 655 viridem
831 616 1014 656 colorem
1050 616 1156 657 velis
1190 615 1410 670 conficere,
1446 628 1564 654 sume
1595 613 1754 668 lignum

416 682 672 737 quercinum,
694 689 863 738 quantae
893 683 1163 739 longitudinis
1184 689 1226 725 et
1246 683 1474 724 latitudinis
1495 682 1691 730 volueris,
1715 688 1756 721 et

305 763 410 789 cava
446 749 546 790 illud
573 750 617 790 in
648 750 821 791 modum
850 751 1001 792 scrinii.
1065 751 1231 792 Deinde
1263 751 1360 792 tolle
1396 764 1583 806 cuprum,
1612 755 1654 790 et
1688 749 1755 789 fac

305 815 404 856 illud
426 817 630 857 attenuari
660 817 703 857 in
733 818 924 869 laminas,
946 825 1115 874 quantae
1145 818 1375 859 latitudinis
1400 817 1514 869 velis,
1536 822 1583 857 ut
1612 822 1754 857 tamen

304 884 522 939 longitudo
551 885 641 939 ejus
673 885 885 940 cooperiat
917 886 1178 927 latitudinem
1219 887 1310 927 cavi
1350 885 1464 941 ligni.
1527 885 1633 926 Post
1666 884 1755 924 haec
1796 911 1798 913 -

302 952 446 1006 accipe
476 953 691 993 scutellam
712 953 879 1007 plenam
916 953 1028 1004 salis,
1059 960 1102 994 et
1141 954 1421 1009 comprimens
1451 968 1547 994 eum
1582 953 1754 1003 fortiter,

304 1019 422 1060 mitte
442 1019 484 1059 in
504 1019 643 1074 ignem
667 1025 709 1060 et
734 1020 901 1075 cooperi
927 1020 1180 1062 carbonibus
1210 1035 1285 1076 per
1314 1026 1496 1072 noctem,
1518 1018 1625 1061 et'in
1645 1034 1755 1061 cras—

301 1086 436 1127 tinum
457 1092 543 1127 tere
573 1102 668 1128 eum
690 1087 1006 1143 diligentissime
1036 1103 1159 1143 super
1188 1088 1370 1144 lapidem
1391 1088 1562 1130 siccum.
1624 1087 1755 1129 Cum-

299 1169 383 1210 que
405 1155 615 1211 acceperis
637 1157 823 1197 surculos
844 1156 1034 1212 graciles,
1057 1156 1216 1197 colloca
1246 1170 1318 1197 eos
1349 1155 1391 1196 in
1422 1156 1665 1211 praedictum
1686 1170 1755 1197 ca-

303 1230 444 1265 vatum
470 1225 644 1281 lignum,
664 1225 723 1266 ita
753 1231 800 1266 ut
829 1225 922 1266 duae
952 1230 1091 1281 partes
1123 1225 1214 1266 cavi
1245 1224 1327 1266 sint
1358 1224 1542 1276 inferius,
1564 1231 1606 1265 et
1634 1224 1755 1266 tertia

301 1292 503 1348 superius,
538 1292 705 1349 sicque¹
751 1293 928 1334 laminas
960 1308 1135 1349 cupreas
1171 1308 1223 1334 ex
1271 1299 1447 1349 utraque
1480 1299 1599 1348 parte
1634 1294 1755 1334 melle

301 1375 404 1416 puro
437 1375 665 1417 aspergens
686 1361 865 1417 desuper
895 1363 957 1403 sal
987 1362 1143 1414 tritum,
1166 1361 1391 1411 collocabis
1410 1376 1541 1417 ,super
1565 1362 1752 1402 surculos

300 1429 394 1470 illos
410 1428 681 1484 conjunctim,
703 1430 948 1485 cooperiens
969 1430 1188 1486 diligenter
1215 1430 1346 1471 altero
1366 1430 1480 1485 ligno
1502 1429 1555 1470 ad
1577 1429 1657 1470 hoc
1678 1443 1753 1484 ap-

300 1503 402 1547 tato,
424 1497 482 1538 ita
506 1502 552 1537 ut
581 1496 683 1537 nihil
713 1497 951 1552 spiraminis
983 1498 1096 1539 exire
1126 1498 1270 1554 possit.
1332 1497 1438 1539 Post
1468 1497 1534 1538 fac
1565 1497 1753 1538 foramen

299 1565 498 1606 terebrari
517 1564 558 1604 in
590 1565 746 1620 angulo
778 1565 908 1620 ipsius
928 1565 1030 1621 ligni
1051 1580 1126 1621 per
1155 1565 1269 1622 quod
1299 1565 1433 1620 possis
1461 1570 1625 1606 acetum
1646 1565 1754 1606 cale-

298 1634 457 1673 factum
488 1638 561 1673 aut
590 1632 752 1673 urinam
783 1632 962 1674 calidam
993 1633 1226 1684 infundere,
1247 1633 1306 1673 ita
1335 1639 1384 1673 ut
1402 1632 1527 1674 tertia
1547 1647 1643 1688 pars
1663 1633 1753 1688 ejus

297 1700 530 1756 impleatur,
551 1705 594 1742 et
613 1714 716 1741 mox
747 1701 917 1742 obstrue
939 1701 1142 1742 foramen.
1207 1700 1302 1741 Hoc
1323 1700 1483 1756 lignum
1504 1700 1547 1741 in
1566 1701 1639 1742 tali
1658 1701 1753 1742 loco

299 1769 427 1810 debes
448 1783 614 1824 ponere,
634 1768 706 1809 ubi
728 1769 863 1823 possis
884 1769 984 1809 illud
1014 1768 1057 1809 in
1087 1768 1342 1824 sterquilinio
1373 1773 1508 1809 totum
1528 1769 1752 1824 cooperire.

300 1836 407 1877 Post
427 1843 605 1893 quatuor
635 1851 734 1878 vero
765 1836 1022 1892 septimanas
1059 1836 1175 1877 solve
1207 1836 1462 1891 operculum,
1484 1841 1526 1877 et
1554 1836 1753 1892 quicquid

297 1919 422 1960 super
453 1919 629 1960 cuprum
665 1904 884 1955 inveneris,
907 1898 1031 1945 erade
1064 1909 1105 1944 et
1137 1918 1268 1954 serva,
1298 1910 1339 1944 et
1367 1903 1516 1944 iterum
1548 1918 1752 1960 reponens

298 1972 468 2027 cooperi
490 1972 634 2013 ordine
655 1986 739 2027 quo
760 1986 897 2027 supra.

623 2219 927 2306 CAPUT
1002 2219 1420 2281 XXXVIH;

756 2367 817 2393 DE
847 2365 1000 2393 VIRIDI
1034 2365 1290 2394 HISPANICO.

295 2464 397 2564 SI
439 2479 537 2507 vero
577 2466 708 2507 viride
743 2465 1022 2522 Hispanicum
1062 2480 1314 2521 componere
1355 2466 1471 2517 velis,
1511 2466 1610 2506 tolle
1635 2465 1750 2520 cupri

395 2532 558 2574 tabulas
595 2539 832 2575 attenuatas
867 2539 908 2574 et
939 2533 1091 2574 radens
1127 2548 1199 2574 eas
1234 2533 1454 2590 diligenter
1488 2547 1540 2574 ex
1575 2539 1750 2589 utraque

292 2606 424 2655 parte,
460 2601 664 2656 perfunde
698 2607 817 2643 aceto
855 2616 960 2657 puro
995 2607 1038 2642 et
1070 2601 1208 2643 calido
1229 2601 1388 2657 absque
1421 2601 1543 2642 melle
1573 2607 1614 2642 et
1649 2601 1749 2651 sale,

290 2682 604 2725 componesque
634 2669 678 2709 in
704 2668 852 2710 minori
883 2669 998 2724 ligno
1029 2683 1149 2721 cavo,
1171 2669 1315 2710 ordine
1336 2684 1421 2725 quo
1443 2683 1582 2724 supra.
1644 2667 1751 2708 Post

290 2736 398 2776 duas
430 2736 685 2791 septimanas
719 2736 877 2792 respice
913 2751 962 2777 ac
985 2736 1098 2788 rade,
1136 2737 1279 2793 sicque
1313 2736 1441 2778 facies
1469 2736 1603 2777 donec
1636 2735 1750 2776 color

292 2803 369 2843 tibi
393 2804 584 2845 sufficiat.

772 2860 780 2878 ¹
807 2863 829 2878 “
840 2860 958 2899 linies‚”
981 2872 1017 2892 ex
1032 2862 1105 2892 MS.
1125 2862 1254 2902 Guelpk.
