1970 3202
346 294 430 335 276
818 309 1070 337 ΤΗΕΟΡΗῙΜ
1106 309 1242 337 mmm
1272 310 1341 337 111.

346 407 444 448 inde
465 407 705 460 retinacula,
726 423 820 465 quae
839 414 1010 450 teneant
1037 410 1260 451 exteriores
1282 415 1423 465 partes
1444 409 1532 450 auri
1552 410 1734 451 exterius
1753 410 1798 452 in

346 474 478 515 tribus
512 474 628 527 locis,
665 482 711 516 ut
741 476 875 527 tertia,
908 491 1002 532 quae
1037 477 1208 518 interius
1236 478 1361 534 juxta
1392 492 1486 519 oras
1522 477 1680 529 circuit,
1710 492 1797 519 non

347 541 480 595 possit
499 542 697 598 disjungi.
758 542 857 591 Quo
877 543 990 584 facto
1016 544 1135 585 linies
1161 559 1213 586 ex
1238 545 1352 586 omni
1372 551 1491 601 parte
1512 546 1798 599 solidaturam,

348 613 390 648 et
419 608 596 650 siccabis
627 610 791 651 modice
821 625 946 666 super
964 611 1130 667 ignem;
1161 613 1454 670 dispositisque
1475 613 1727 655 carbonibus
1755 620 1798 655 et

348 679 547 730 accensis,
568 679 697 720 facies
715 679 822 720 inter
841 694 914 721 eos
935 680 1150 732 fossulam,
1171 681 1214 722 in
1235 696 1362 737 quam
1383 696 1514 737 pones
1534 682 1668 737 ipsam
1689 681 1797 722 auri-

347 747 498 798 culam,
521 753 561 788 et
581 747 691 788 circa
718 761 812 787 eam
839 748 1062 789 collocabis
1087 749 1290 790 carbones
1309 748 1531 789 ordinatim
1551 748 1622 799 ita,
1643 754 1691 789 ut
1710 762 1797 789 non

348 814 594 868 contingant
625 828 786 864 aurum,
822 815 895 855 sed
930 815 972 855 in
1003 815 1314 857 similitudinem
1349 815 1455 856 muri
1487 815 1718 856 ascendant
1751 815 1795 855 in

347 881 534 932 circuitu,
556 882 690 922 donec
711 882 921 922 emineant
944 897 1068 937 super
1087 897 1257 934 aurum3
1291 888 1332 923 et
1351 889 1452 923 tunc
1478 883 1704 923 collocabis
1725 883 1796 923 de-

348 963 471 1003 super
492 949 667 1004 graciles
697 949 827 990 ferros
857 950 979 1000 duos,
999 950 1064 990 vel
1087 955 1185 1001 tres,
1207 950 1280 1006 qui
1300 955 1603 1005 pertranseant.
1664 949 1797 1005 Super

347 1031 453 1072 quos
485 1017 710 1057 collocabis
742 1031 815 1072 per
842 1017 983 1058 omnia
1011 1017 1227 1069 carbones,
1259 1022 1301 1058 et
1327 1015 1539 1071 cooperies
1565 1015 1796 1071 diligenter,

347 1083 406 1124 sic
427 1089 570 1124 tamen
591 1090 636 1124 ut
657 1084 797 1140 aliqua
825 1085 1031 1125 foramina
1053 1085 1159 1126 inter
1179 1085 1293 1140 ipsos
1315 1084 1518 1125 carbones
1539 1090 1795 1135 remaneant,

345 1165 420 1205 per
454 1166 547 1207 quae
582 1151 717 1207 possis
753 1152 1029 1203 considerare,
1060 1152 1236 1208 qualiter
1265 1152 1492 1193 solidatura
1521 1152 1796 1194 circumfluat.

348 1217 476 1266 Quod
505 1233 601 1260 cum
621 1219 788 1270 videris,
817 1219 957 1261 statim
986 1234 1156 1275 aspersa
1185 1219 1353 1261 modica
1377 1219 1504 1275 aqua,
1529 1218 1651 1260 eicies
1671 1225 1796 1276 atque

345 1286 504 1327 lavabis
524 1287 670 1327 leniter
690 1293 732 1328 et
747 1286 936 1338 siccabis,
958 1287 1380 1343 circumspiciensque
1401 1286 1621 1342 diligenter
1640 1285 1674 1327 si
1695 1286 1795 1342 quid

346 1354 637 1410 corrigendum
669 1360 748 1406 est,
780 1354 962 1410 corriges
975 1371 985 1406 ;
1016 1369 1262 1410 rursumque
1283 1354 1430 1395 liniens
1452 1354 1560 1395 sicut
1579 1353 1706 1409 prius,
1728 1369 1796 1395 so-

344 1421 508 1473 lidabis,
544 1421 686 1477 sicque
720 1421 862 1473 facies,
898 1422 1032 1462 donec
1071 1436 1143 1476 per
1177 1421 1317 1463 omnia
1352 1422 1519 1463 firmum
1550 1422 1639 1463 fiat.
1699 1422 1795 1464 Hoc

345 1489 473 1529 modo
504 1503 646 1544 parem
676 1489 905 1530 auriculam
933 1489 1133 1531 formabis
1157 1496 1283 1545 atque
1311 1489 1522 1531 solidabis.
1583 1488 1681 1538 Quo
1702 1504 1796 1545 per-

344 1562 439 1597 acto
463 1557 597 1612 junge
627 1571 699 1597 eas
725 1562 922 1612 utrasque
950 1556 1004 1597 ad
1025 1571 1098 1597 vas
1129 1557 1269 1598 calicis
1299 1557 1342 1598 in
1373 1557 1458 1598 suis
1486 1556 1603 1608 locis,
1625 1562 1667 1598 et
1685 1556 1797 1597 circa

343 1639 415 1665 eas
449 1624 577 1665 facies
608 1624 715 1664 duos
747 1629 906 1664 tractus
937 1624 980 1664 in
1010 1623 1103 1679 ipso
1127 1638 1229 1665 vase
1258 1639 1355 1665 cum
1387 1625 1549 1675 subula,
1582 1638 1656 1679 per
1688 1637 1794 1679 quos

343 1692 478 1747 possis
500 1691 776 1743 considerare,
796 1697 842 1732 ut
858 1696 969 1732 recte
988 1696 1100 1732 stent
1119 1691 1162 1731 in
1184 1691 1418 1733 solidando.
1481 1691 1647 1732 Deinde
1666 1691 1794 1732 funde

342 1774 492 1815 purum
508 1774 654 1800 aurum
671 1764 714 1800 et
733 1758 917 1801 admisce
938 1759 976 1800 ei
991 1759 1157 1800 tertiam
1179 1765 1340 1814 partem
1356 1759 1472 1815 cupri
1492 1758 1610 1799 rubei
1631 1763 1673 1799 et
1688 1757 1794 1813 puri,

343 1828 458 1884 quod
487 1828 639 1883 pariter
670 1827 808 1868 fusum
836 1834 879 1868 et
901 1827 1065 1868 modice
1095 1841 1338 1882 percussum
1362 1826 1529 1867 limabis
1561 1825 1725 1881 penitus
1753 1829 1796 1866 et

342 1910 474 1950 pones
495 1896 538 1935 in
559 1909 741 1951 pennam
763 1895 933 1936 anseris.
995 1895 1102 1936 Post
1120 1895 1210 1936 haec
1225 1895 1443 1936 accumula
1463 1899 1560 1935 ante
1580 1893 1794 1934 fornacem

343 1977 543 2019 magnum
565 1977 759 2004 acervum
790 1963 1035 2014 carbonum,
1067 1970 1109 2003 et
1131 1963 1174 2003 in
1195 1962 1254 2004 eis
1274 1977 1384 2018 pone
1403 1977 1478 2004 vas
1498 1961 1650 2012 calicis,
1670 1961 1729 2002 ita
1749 1967 1796 2002 ut

342 2031 543 2072 medietas
564 2031 653 2086 ejus
684 2030 855 2071 omnino
886 2030 963 2071 sub
993 2030 1244 2071 carbonibus
1269 2030 1336 2082 sit,
1358 2036 1400 2072 et
1419 2030 1487 2071 illa
1506 2044 1604 2086 pars
1623 2028 1794 2070 omnino

325 2099 536 2150 emineat,
578 2112 702 2154 super
740 2112 868 2154 quam
907 2111 992 2138 una
1024 2112 1121 2153 pars
1162 2098 1271 2139 auris
1307 2098 1504 2154 ponenda
1538 2103 1602 2139 est
1613 2114 1624 2150 ς
1666 2110 1794 2154 quam

341 2168 482 2208 statim
503 2167 732 2222 conjunges
753 2165 802 2216 ei,
824 2170 866 2206 et
893 2165 1012 2206 linies
1042 2166 1179 2221 ipsum
1201 2179 1277 2206 vas
1304 2179 1400 2206 cum
1421 2164 1604 2205 auricula
1624 2163 1794 2205 interius

341 2241 384 2276 et
414 2234 595 2276 exterius
626 2248 722 2275 cum
753 2233 995 2285 solidatura,
1026 2239 1153 2289 atque
1182 2232 1432 2284 limaturam,
1453 2232 1569 2288 quod
1592 2232 1636 2272 in
1656 2245 1795 2287 penna

341 2316 553 2357 posueras,
575 2294 808 2342 seminabis*
828 2300 937 2341 circa
960 2301 1193 2356 juncturas,
1215 2314 1296 2356 qua
1329 2300 1439 2341 auris
1459 2299 1547 2341 vasi
1574 2299 1794 2355 conjungi—

339 2375 420 2420 tur,
442 2369 585 2423 sicque
612 2368 908 2423 circumposito
935 2367 1033 2423 igne
1060 2367 1283 2423 aggerabis
1311 2367 1515 2408 carbones
1542 2367 1585 2407 in
1606 2366 1792 2418 circuitu,

341 2436 447 2478 sicut
466 2435 653 2491 superius
674 2435 821 2487 fecisti,
853 2435 962 2476 circa
991 2432 1234 2486 auriculam,
1263 2440 1305 2475 et
1329 2435 1458 2476 ferros
1479 2435 1658 2490 desuper
1678 2447 1794 2474 com—

340 2519 484 2560 pones,
521 2518 627 2560 quos
656 2503 907 2544 carbonibus
937 2502 1198 2544 abundanter
1230 2501 1457 2558 cooperieS.
1519 2501 1570 2542 In
1599 2500 1794 2542 anteriori

340 2587 438 2613 vero
467 2577 586 2627 parte
614 2571 723 2612 intra
752 2585 902 2612 cavum
924 2570 1033 2611 vasis
1065 2584 1271 2626 compone
1300 2570 1504 2611 carbones
1531 2569 1575 2610 in
1602 2569 1793 2610 similitu-

340 2639 480 2680 dinem
508 2639 662 2681 modici
690 2638 814 2690 furni,
835 2644 882 2679 ut
908 2638 1112 2680 carbones
1139 2638 1182 2678 in
1206 2637 1378 2679 circuitu
1403 2637 1522 2679 densi
1544 2637 1730 2693 jaceant,
1751 2642 1793 2677 et
