1970 3202
257 245 341 286 344
719 261 965 288 Timopmm
998 261 1130 289 LIBER
1158 261 1226 289 111.

260 366 438 411 maneat,
466 361 599 402 donec
629 362 798 403 omnino
833 362 962 404 oculis
993 363 1175 419 gratiosa
1206 362 1270 413 sit,
1295 362 1412 420 quasi
1440 368 1600 404 tornata
1629 362 1693 404 sit.

262 428 426 471 Deinde
445 430 596 471 educto
612 431 718 472 ferro
738 430 985 486 percutiatur
999 430 1089 486 ipsa
1110 431 1246 471 fistula
1262 445 1356 471 cum
1373 430 1521 470 malleo
1537 429 1693 470 medio-

259 497 379 539 criter
391 498 514 555 juxta
535 498 720 540 foramen
742 499 910 540 inferius
931 504 972 540 et
992 499 1191 555 superius,
1218 498 1274 539 ita
1296 505 1343 540 ut
1363 513 1468 554 pene
1488 513 1619 555 usque
1639 498 1693 539 ad

260 566 442 607 medium
472 567 697 608 descendat
716 567 807 622 ipsa
834 567 1063 608 rotunditas
1093 567 1226 622 spatio
1248 567 1423 608 duorum
1444 566 1693 622 digitorum;

260 634 417 691 fiatque
432 635 633 691 plectrum
650 650 701 676 ex
718 650 846 690 cupro
862 635 1164 692 aliquantulum
1181 635 1375 691 spissiori,
1392 635 1509 691 quasi
1525 634 1695 676 dimidia

259 703 405 754 rotula,
428 708 469 744 et
488 708 822 758 superstagnetur
841 703 950 745 circa
970 703 1263 745 rotunditatem
1286 703 1393 745 sicut
1412 704 1551 745 fistula
1571 717 1693 758 supe-

260 771 357 822 rius,
384 771 527 827 sicque
547 777 728 826 ponatur
747 770 789 811 in
809 770 989 812 inferiori
1010 777 1127 827 parte
1147 771 1375 822 foraminis,
1403 778 1449 813 ut
1469 772 1546 813 sub
1566 771 1694 827 ipsius

261 853 334 880 ora
354 838 566 894 aequaliter
585 844 677 889 stet,
709 853 786 879 nec
816 838 1015 894 procedat
1044 838 1212 880 inferius
1238 845 1310 880 aut
1342 839 1543 895 superius.
1604 838 1694 880 Ha-

260 907 358 948 beat
376 921 542 963 quoque
563 906 716 947 ferrum
738 907 1024 948 solidatorium
1040 907 1224 963 ejusdem
1246 907 1471 949 latitudinis
1492 913 1534 948 et
1553 914 1695 948 rotun-

259 975 411 1026 ditatis,
441 989 524 1032 qua
544 975 745 1031 plectrum
766 982 841 1016 est.
902 974 998 1024 Quo
1019 975 1220 1017 calefacto
1248 981 1377 1032 ponat
1398 976 1582 1017 modicas
1602 990 1695 1032 par-

259 1042 405 1084 ticulas
425 1042 564 1100 stagni
598 1057 721 1099 super
740 1043 953 1098 plectrum,
987 1058 1214 1100 parumque
1235 1043 1394 1095 resinae‚
1420 1050 1461 1084 et
1481 1043 1697 1100 diligenter

258 1111 541 1154 circumducat
561 1112 740 1152 calidum
761 1112 912 1154 ferrum
935 1127 986 1154 ne
1007 1113 1206 1168 plectrum
1230 1119 1457 1164 moveatur,
1475 1113 1547 1154 sed
1567 1113 1697 1170 lique-

257 1181 368 1223 facto
399 1187 549 1238 stagno
569 1180 628 1222 sic
649 1180 859 1222 adhaereat
881 1188 925 1222 ut
944 1180 987 1222 in
1008 1180 1180 1222 circuitu
1204 1181 1291 1237 ejus
1312 1181 1435 1222 nichil
1466 1181 1698 1237 spiraminis

258 1256 391 1300 exeat,
423 1250 499 1291 nisi
520 1255 681 1291 tantum
703 1249 746 1290 in
767 1249 964 1306 superiori
989 1249 1203 1291 foramine.
1265 1248 1362 1298 Quo
1383 1251 1495 1291 facto
1515 1256 1700 1306 apponat

258 1318 319 1359 ori
339 1325 381 1360 et
399 1319 537 1359 sufflet
549 1317 727 1374 primum
743 1318 921 1370 modice,
938 1317 1087 1359 deinde
1101 1317 1292 1374 amplius,
1308 1317 1449 1374 sicque
1464 1317 1637 1370 fortiter,
1658 1324 1700 1360 et

258 1387 487 1428 secundum
517 1387 628 1443 quod
661 1387 804 1428 auditu
834 1387 1041 1438 discernit,
1071 1386 1265 1442 disponat
1294 1401 1452 1437 vocem,
1482 1392 1529 1428 ut
1551 1386 1585 1427 si
1605 1402 1699 1429 eam

258 1456 346 1496 vult
374 1470 464 1497 esse
495 1470 697 1511 grossam,
734 1455 920 1496 foramen
951 1456 1024 1496 fiat
1053 1455 1175 1495 latius
1189 1471 1199 1506 3
1233 1454 1266 1495 si
1296 1469 1393 1496 vero
1423 1455 1697 1512 graciliorum,

259 1525 334 1565 fiat
362 1523 553 1566 strictius.
634 1524 730 1565 Hoc
759 1524 902 1565 ordine
943 1537 1087 1564 omnes
1117 1523 1266 1564 fistulae
1295 1524 1421 1575 fiant;
1464 1538 1698 1566 mensurem

258 1607 357 1634 vero
387 1593 658 1648 singularum,
689 1606 714 1633 a
739 1592 895 1647 plectro
925 1590 1125 1647 superius,
1157 1591 1383 1633 secundum
1414 1592 1699 1649 magisterium

257 1661 444 1703 lectionis
465 1661 604 1712 faciat,
618 1675 643 1701 a
663 1660 820 1716 plectro
835 1666 975 1701 autem
991 1659 1174 1711 inferius,
1191 1674 1336 1701 omnes
1356 1660 1477 1701 unius
1498 1674 1699 1702 mensuras

259 1736 300 1771 et
319 1730 506 1786 ejusdem
527 1728 815 1786 grossitudinis
836 1736 968 1769 erunt.

605 2161 910 2224 CAPUT
987 2161 1353 2225 LXXXII.

723 2332 784 2358 DE
815 2332 942 2360 DOMO
974 2332 1248 2361 ORGANARIA.

267 2462 473 2566 DOM
484 2460 552 2502 US
573 2474 671 2502 vero
691 2461 875 2502 facturus
896 2475 1020 2517 super
1038 2476 1164 2518 quam
1176 2460 1416 2519 statuendae
1435 2460 1518 2502 sint
1537 2461 1702 2514 fistulae,

418 2530 514 2572 vide
544 2535 679 2571 utrum
698 2528 875 2570 volueris
905 2543 997 2570 eam
1016 2529 1197 2585 ligneam
1225 2528 1378 2570 habere
1401 2534 1474 2570 aut
1492 2543 1699 2585 cupream.

263 2602 308 2645 Si
326 2602 521 2658 ligneam,
541 2597 707 2655 acquire
727 2597 801 2638 tibi
816 2596 899 2638 duo
919 2597 1032 2653 ligna
1052 2597 1104 2638 de
1124 2598 1307 2654 platano,
1327 2597 1448 2638 valde
1469 2597 1592 2648 sicca,
1612 2598 1702 2638 lon-

261 2668 447 2728 gitudine
475 2667 653 2708 duorum
682 2665 835 2722 pedum
858 2671 900 2706 et
923 2665 1097 2717 dimidii,
1125 2671 1167 2706 et
1194 2665 1409 2707 latitudine
1430 2666 1592 2708 modice
1613 2680 1702 2707 am-

262 2738 369 2797 plius
388 2750 515 2793 quam
534 2735 668 2786 unius,
696 2748 825 2774 unum
854 2739 1044 2790 quatuor,
1065 2734 1238 2775 alterum
1258 2734 1420 2776 duobus
1440 2734 1578 2790 digitis
1597 2734 1703 2790 spis-

262 2821 368 2858 sum,
389 2819 482 2862 quae
509 2818 593 2844 non
623 2802 706 2844 sint
734 2802 896 2844 nodosa
926 2802 998 2843 sed
1029 2816 1143 2858 pura.
1205 2801 1368 2851 Quibus
1388 2801 1702 2859 diligentissime

262 2874 340 2917 sibi
361 2871 608 2928 conjunctis,
639 2872 682 2911 in
711 2870 891 2912 inferiori
921 2876 1036 2927 parte
1061 2869 1265 2926 spissioris
1285 2870 1387 2926 ligni
1406 2871 1481 2912 fiat
1501 2870 1544 2910 in
1566 2869 1701 2911 medio
