1970 3202
311 291 395 332 354
779 306 1032 333 THEOPHILI
1066 306 1201 334 LissER
1235 306 1303 335 111.

312 404 353 444 in
383 404 652 459 percutiendo
683 407 913 462 conjunges
943 407 1100 458 domui,
1130 413 1177 448 ut
1208 406 1332 447 nichil
1366 405 1599 461 spiraminis
1629 411 1763 456 exeat,

313 471 392 512 nisi
414 487 486 527 per
507 472 711 515 foramina
736 474 887 530 quibus
909 475 1058 516 fistulae
1086 475 1333 530 inponendae
1362 479 1471 514 sunt.
1534 472 1644 513 Cum
1666 487 1764 513 vero

312 540 602 581 conflatorium
639 541 759 582 fuerit
792 542 929 583 fusum
969 548 1010 583 et
1044 543 1248 591 limatum,
1281 548 1406 597 atque
1441 540 1767 596 uniuscujusque

314 608 422 649 follis
444 609 583 649 fistula
604 624 681 650 suo
702 609 936 650 inductorio
958 616 1169 665 coaptata,
1191 610 1390 665 conjungi
1412 615 1453 650 et
1472 608 1645 649 firmiter
1666 622 1767 648 con-

314 675 482 716 solidari
513 676 639 717 debet
670 677 722 717 ad
753 678 925 718 domum
958 678 1221 733 organariam
1251 677 1434 728 inferius,
1464 676 1522 716 ita
1544 681 1590 715 ut
1618 681 1767 715 ventus

314 758 412 784 suos
458 744 594 784 aditus
630 745 755 786 libere
800 745 996 797 inveniat,
1040 752 1080 786 et
1118 760 1191 800 per
1228 745 1331 786 alias
1369 745 1588 799 juncturas
1632 743 1768 782 nulla-

315 810 461 851 tenus¹
495 817 628 852 exeat.
691 812 786 853 Hoc
823 828 992 868 quoque
1030 811 1314 854 sollerterius²
1344 810 1653 866 procurandum
1692 815 1768 860 est,

313 884 361 918 ut
390 878 432 918 in
463 878 599 933 capite
630 879 955 936 uniuscujusque
986 880 1107 931 follis,
1148 886 1244 921 ante
1274 879 1462 920 foramen
1493 878 1640 918 fistulae
1670 891 1768 925 suae,

316 959 487 1000 cuprum
511 952 635 987 tenue
656 947 902 1002 dependeat,
934 948 1047 1003 quod
1070 946 1305 1002 spiraminis
1326 946 1494 987 claudat
1514 944 1690 993 aditum,
1713 943 1771 983 ita

315 1018 361 1053 ut
379 1028 472 1053 cum
498 1014 605 1054 follis
621 1015 763 1055 flando
785 1016 1007 1071 deponitur
1022 1016 1120 1055 illud
1142 1029 1316 1070 cuprum
1334 1029 1378 1054 se
1395 1014 1538 1063 elevet,
1561 1018 1602 1052 et
1621 1017 1770 1052 ventus

318 1080 490 1135 pleniter
524 1088 669 1133 exeat3
702 1097 880 1138 cumque
922 1083 1030 1124 follis
1070 1083 1254 1124 elevatur
1294 1087 1340 1122 ut
1380 1096 1453 1137 per
1492 1079 1770 1121 ventilabrum

317 1163 436 1188 suum
459 1149 606 1189 flatum
629 1157 827 1204 resumat,
843 1151 942 1192 illud
964 1166 1139 1206 cuprum
1162 1166 1209 1191 os
1230 1150 1320 1205 ejus
1341 1149 1506 1206 penitus
1526 1147 1709 1197 claudat,
1732 1152 1773 1187 et

317 1221 485 1256 ventum
509 1232 634 1272 quem
657 1219 795 1259 emisit
815 1219 947 1260 redire
968 1234 1053 1260 non
1075 1218 1302 1274 permittat.

681 1563 989 1625 CAPUT
1066 1560 1411 1624 LXXXV.

734 1707 794 1734 DE
826 1707 1052 1735 CAMPANIS
1085 1705 1361 1734 FUNDENDIS.

326 1800 859 1901 COMPOSITURUS
883 1820 1134 1861 campanam
1150 1805 1330 1860 primum
1353 1803 1510 1844 incides
1526 1803 1601 1844 tibi
1617 1804 1777 1859 lignum

446 1870 601 1911 siccum
630 1872 682 1912 de
717 1888 886 1929 quercu,
917 1874 1090 1929 longum
1126 1873 1354 1913 secundum
1390 1872 1503 1928 quod
1536 1872 1598 1913 vis
1625 1872 1779 1914 habere

321 1952 585 1993 campanam,
603 1939 658 1980 ita
676 1946 723 1981 ut
737 1955 787 1981 ex
802 1947 975 1997 utraque
993 1947 1109 1996 parte
1126 1946 1244 1982 extra
1258 1941 1435 1981 formam
1449 1940 1630 1981 emineat
1645 1940 1781 1995 longi-

322 2005 467 2046 tudine
488 2006 609 2047 unius
630 2009 771 2062 palmi,
799 2015 841 2049 et
861 2009 1065 2064 quadrum
1089 2009 1131 2049 in
1152 2023 1236 2049 una
1257 2008 1496 2049 summitate
1517 2008 1716 2063 grossius,
1737 2008 1780 2048 in

321 2072 446 2113 aliam
463 2075 657 2129 gracilius
679 2082 721 2117 et
740 2077 979 2128 rotundum,
997 2084 1043 2118 ut
1064 2077 1197 2133 possit
1216 2077 1259 2116 in
1281 2076 1482 2117 foramine
1499 2075 1779 2117 circumvolvi.

324 2140 471 2196 Sitque
504 2143 746 2185 deductim³
782 2146 968 2201 grossius
1004 2152 1045 2187 et
1079 2145 1278 2201 grossius,
1314 2150 1361 2185 ut
1393 2158 1489 2185 cum
1522 2158 1628 2199 opus
1659 2143 1782 2184 fuerit

324 2209 553 2263 perfectum
575 2211 695 2254 facile
719 2213 850 2268 possit
870 2214 1003 2255 educi.
1053 2213 1180 2262 Quod
1201 2213 1362 2268 lignum
1382 2212 1424 2252 in
1447 2211 1642 2268 grossiori
1663 2217 1781 2267 parte

323 2290 406 2316 una
427 2279 566 2332 palma
587 2287 683 2321 ante
705 2282 989 2323 summitatem
1009 2280 1217 2322 incidatur
1235 2281 1279 2320 in
1301 2280 1487 2331 circuitu,
1508 2285 1555 2320 ut
1574 2280 1649 2320 fiat
1669 2279 1782 2320 fossa

325 2343 489 2386 duobus
510 2347 651 2402 digitis
673 2349 771 2400 lata,
799 2350 935 2405 sitque
956 2350 1118 2406 lignum
1150 2349 1207 2390 ibi
1228 2348 1466 2399 rotundum,
1497 2348 1620 2403 juxta
1652 2362 1781 2403 quam

326 2410 483 2454 fossam
514 2417 732 2458 summitas
762 2417 892 2472 ipsius
922 2417 1025 2473 ligni
1055 2417 1130 2457 fiat
1159 2416 1309 2467 tenuis,
1339 2421 1386 2456 ut
1406 2415 1450 2455 in
1479 2415 1589 2456 aliud
1620 2415 1781 2470 lignum

326 2494 499 2523 curvum
538 2485 662 2540 jungi
707 2486 852 2540 possit,
886 2500 960 2540 per
994 2485 1107 2541 quod
1140 2485 1277 2525 valeat
1310 2483 1354 2524 in
1385 2483 1558 2524 modum
1598 2483 1781 2524 runcinae

326 2548 600 2593 circumverti.
663 2552 790 2594 Fiunt
817 2553 970 2594 etenim
998 2553 1082 2593 duo
1109 2567 1268 2593 asseres
1298 2550 1558 2607 longitudine
1579 2556 1620 2591 et
1640 2551 1781 2592 latitu-

327 2615 424 2656 dine
459 2620 639 2674 aequales
672 2621 743 2676 qui
783 2621 1025 2663 altrinsecus
1068 2620 1376 2676 conjungantur
1408 2624 1450 2659 et
1489 2619 1784 2659 confirmenter

328 2690 506 2738 quatuor
534 2687 673 2743 lignis,
694 2689 751 2730 ita
778 2695 824 2730 ut
851 2689 935 2730 sint
963 2688 1090 2744 ampli
1106 2686 1122 2706 ⁴*
1150 2687 1257 2728 inter
1276 2701 1320 2727 se
1348 2686 1578 2727 secundum
1600 2686 1782 2742 longitu-

329 2751 468 2793 dinem
501 2756 685 2809 praedicti
720 2757 847 2812 ligni;
895 2763 942 2798 ut
968 2757 1011 2797 in
1042 2771 1124 2797 uno
1155 2769 1293 2797 assere
1315 2755 1390 2795 fiat
1413 2754 1601 2795 foramen
1627 2753 1669 2794 in
1698 2767 1782 2809 quo

460 2860 468 2878 ¹
493 2862 514 2878 “
528 2862 613 2893 nulla
627 2864 762 2901 teneus,”
784 2865 869 2895 habet
887 2864 996 2894 Codex.
1170 2860 1182 2878 ²
1206 2862 1225 2877 “
1241 2859 1428 2898 sollertius,’·
1450 2857 1522 2890 ὑπὸ.

459 2915 472 2932 ³
493 2917 514 2932 “
530 2917 738 2947 deductum2”
1174 2914 1184 2932 ⁴
1207 2913 1366 2954 “ampla‚'’
1388 2914 1425 2944 in·
1443 2914 1552 2944 Codice
1566 2913 1667 2944 invem.

1935 2158 1950 2199 αι

1933 2192 1955 2254 ἓ,
