1970 3202
322 269 405 309 316
794 281 1046 310 'rnnopmm
1079 283 1216 310 numa
1248 283 1316 310 111.

735 526 1038 589 CAPUT
1114 526 1367 588 LXIX.

563 693 791 726 QUALITER
821 692 1087 721 SEPARE'I'UR
1115 692 1279 721 AURUM
1310 693 1340 721 A
1370 694 1532 722 CUPRO.

436 791 566 833 UOD
598 792 632 832 si
662 791 888 847 aliquando
918 806 1020 832 vasa
1056 806 1209 847 cuprea
1245 807 1319 833 seu
1349 797 1548 848 argentea
1577 791 1777 832 deaurata

464 859 646 914 fregeris,
687 859 751 900 vel
786 859 898 900 aliud
933 860 1152 915 quodlibet
1186 875 1306 915 opus,
1346 860 1428 901 hoc
1461 860 1588 901 modo
1628 873 1776 900 aurum

325 940 517 981 separare
544 925 710 980 poteris.
770 926 887 967 Tolle
915 941 1011 968 ossa
1042 928 1342 984 cujuscumque
1369 927 1558 969 animalis
1585 927 1777 978 volueris,

325 1007 417 1049 quae
437 1007 511 1048 per
530 994 713 1048 plateam
734 994 950 1046 inveneris,
981 1001 1023 1035 et
1046 994 1244 1047 conbure‚
1265 1010 1360 1051 quae
1381 995 1622 1051 refrigerata
1642 994 1778 1036 minu-

324 1060 444 1101 tatim
465 1066 563 1112 tere,
595 1067 636 1102 et
655 1062 816 1103 tertiam
841 1069 1004 1118 partem
1025 1063 1209 1103 cinerum
1230 1077 1283 1104 ex
1303 1063 1402 1118 fago
1424 1062 1621 1114 admisce,
1649 1067 1691 1103 et
1710 1062 1777 1103 fac

324 1134 452 1170 testas
474 1128 581 1170 sicut
600 1130 642 1170 in
671 1130 929 1185 purificando
957 1137 1133 1186 argento
1154 1137 1201 1172 ut
1220 1130 1407 1186 superius
1435 1130 1640 1182 diximus3
1671 1144 1778 1187 quas

323 1196 421 1252 igne
456 1196 542 1238 sive
575 1197 662 1238 sole
694 1198 882 1239 siccabis.
955 1198 1121 1239 Deinde
1157 1213 1302 1240 aurum
1338 1213 1364 1240 a
1398 1213 1528 1254 cupro
1560 1199 1779 1254 diligenter

324 1264 516 1315 abrades,
547 1270 589 1306 et
607 1265 742 1321 ipsam
771 1280 957 1307 rasuram
989 1266 1259 1322 complicabis
1279 1266 1322 1307 in
1343 1267 1514 1322 plumbo
1542 1271 1666 1307 tenue
1686 1280 1779 1322 per-

324 1346 460 1384 cusso,
488 1339 614 1389 atque
635 1348 720 1374 una
739 1348 791 1374 ex
812 1334 929 1375 testis
949 1334 1028 1375 illis
1049 1349 1191 1375 coram
1213 1335 1383 1376 fornace
1404 1335 1547 1391 prunis
1568 1335 1778 1390 imposita,

316 1400 405 1455 jam
437 1415 518 1456 que
546 1401 757 1442 calefactae
786 1401 921 1457 ipsam
950 1402 1293 1457 complicaturam
1322 1403 1480 1458 plumbi
1512 1417 1607 1444 cum
1637 1416 1780 1443 rasura

322 1467 527 1523 impones,
557 1474 598 1509 et
617 1469 859 1525 superjectis
879 1469 1130 1510 carbonibus
1151 1470 1370 1511 conflabis.
1431 1469 1624 1527 Cumque
1645 1469 1777 1526 lique-

322 1536 483 1577 factum
504 1536 639 1588 fuerit,
656 1551 706 1578 eo
722 1537 850 1578 modo
866 1551 951 1593 quo
972 1538 1078 1578 solet
1093 1543 1313 1592 argentum
1331 1538 1551 1593 purificari,
1568 1537 1778 1579 interdum

323 1619 476 1660 prunas
496 1605 733 1646 amovendo
754 1612 796 1646 et
816 1605 1033 1660 plumbum
1053 1605 1262 1657 addendo,
1279 1606 1488 1647 interdum
1513 1605 1778 1662 recoquendo

323 1679 365 1713 et
391 1676 558 1714 morose
585 1672 727 1713 flando
758 1673 993 1724 combures,
1024 1673 1159 1714 donec
1186 1687 1315 1729 cupro
1345 1674 1511 1729 penitus
1541 1673 1779 1729 absumpto,

324 1755 474 1796 purum
496 1756 643 1782 aurum
665 1747 878 1797 appareat.

758 2102 1066 2165 CAPUT
1142 2101 1340 2164 LXX

518 2249 741 2280 QUOMODO
773 2249 1037 2277 SEPARETUR
1070 2247 1232 2276 AURUM
1262 2247 1323 2275 AB
1354 2246 1576 2275 ARGENTO.

420 2347 512 2388 UM
537 2347 684 2388 raseris
707 2362 854 2388 aurum
875 2348 928 2388 de
942 2353 1138 2402 argento,
1159 2347 1352 2403 imponas
1373 2347 1507 2402 ipsam
1529 2358 1715 2386 rasuram
1737 2344 1779 2383 in

445 2415 675 2465 vasculum,
706 2414 747 2455 in
769 2429 853 2470 quo
875 2415 981 2456 solet
1001 2429 1148 2455 aurum
1169 2415 1234 2455 vel
1255 2419 1475 2470 argentum
1495 2412 1708 2469 liquefieri,
1739 2417 1781 2452 et

321 2498 445 2539 super
465 2482 640 2538 inprime
667 2482 936 2538 panniculum
956 2481 1127 2533 lineum,
1158 2496 1211 2523 ne
1232 2481 1340 2523 forte
1361 2480 1462 2537 quid
1489 2479 1586 2520 inde
1607 2479 1779 2520 eiciatur

321 2567 346 2592 a
367 2556 492 2592 vento
514 2550 636 2602 follis,
667 2556 795 2606 atque
823 2564 966 2591 coram
994 2549 1165 2590 fornace
1191 2563 1352 2604 ponens
1379 2547 1583 2604 liquefac3
1616 2553 1658 2587 et
1677 2561 1778 2610 mox

320 2619 528 2674 fragmina
574 2618 783 2675 sulphuris
829 2618 996 2673 inpone,
1050 2616 1280 2658 secundum
1329 2614 1604 2671 quantitatem
1650 2613 1779 2669 ipsius

322 2701 487 2738 rasurae,
529 2693 571 2727 et
600 2701 698 2727 cum
728 2686 910 2727 carbone
949 2685 1092 2740 gracili
1122 2680 1603 2740 diligenter'commove,
1643 2681 1778 2722 donec

321 2755 460 2796 sumus
500 2756 589 2811 ejus
627 2761 763 2796 cesset
781 2771 791 2806 3
840 2754 980 2795 statim
1020 2753 1188 2795 effunde
1235 2753 1275 2792 in
1317 2752 1470 2793 ferrum
1516 2749 1778 2791 infusorium.

323 2823 490 2864 Deinde
525 2838 648 2878 super
682 2823 876 2863 incudem
912 2822 1057 2862 leniter
1090 2826 1272 2876 percute,
1307 2835 1359 2860 ne
1396 2819 1501 2860 forte
1540 2817 1640 2874 quid
1680 2817 1777 2858 inde

321 2891 471 2932 resiliat
490 2891 545 2931 illi
563 2891 683 2946 nigri,
700 2891 812 2946 quod
830 2889 1001 2945 sulphur
1023 2889 1265 2939 combussit,
1284 2888 1380 2943 qnia
1403 2888 1538 2942 ipsum
1555 2890 1773 2941 argentum

1911 2825 1970 3202 ἐι
