1970 3202
279 240 357 279 152
757 253 1008 281 THEOPHILl
1046 255 1182 282 111ssssss
1214 255 1263 281 11.

273 353 401 393 altero
433 352 580 407 quadri
611 357 652 392 et
682 353 839 392 recurvi
864 353 1044 407 penitus,
1074 354 1130 395 ita
1162 361 1209 395 ut
1239 354 1427 395 foramen
1457 360 1658 409 appareat
1677 354 1720 395 in

274 419 425 460 medio.
489 419 653 460 Deinde
681 419 824 474 accipe
844 420 995 461 vitrum
1025 421 1183 476 pictum
1214 427 1257 462 et
1277 427 1443 462 coctum
1465 428 1507 462 et
1526 436 1635 477 pone
1657 437 1722 463 se-

273 487 458 528 cundum
479 487 667 528 ordinem
692 487 732 527 in
765 487 894 528 altera
921 493 1037 543 parte
1065 489 1216 529 tabulae
1236 488 1309 529 ubi
1330 489 1444 529 nulla
1464 495 1527 529 est
1546 489 1720 544 pictura.

274 554 381 595 Post
410 555 498 596 haec
528 556 627 596 tolle
657 560 782 609 caput
812 554 932 595 unius
961 555 1167 610 imaginis,
1198 561 1241 596 et
1269 556 1598 598 circumvolvens
1622 557 1721 597 illud

271 622 443 676 plumbo
474 636 628 677 repone
659 621 880 676 diligenter
909 622 951 662 in
982 637 1058 663 suo
1089 623 1198 676 loco,
1228 629 1271 664 et
1299 623 1542 680 circumfige
1571 625 1609 665 ei
1639 630 1721 666 tres

273 691 413 730 clavos
434 703 529 730 cum
550 690 701 730 malleo
729 690 781 730 ad
812 690 892 731 hoc
920 704 1026 745 opus
1053 697 1168 747 apto,
1199 691 1431 747 adjungens
1460 693 1497 733 ei
1517 699 1663 748 pectus
1681 700 1722 734 et

274 759 443 800 brachia
463 774 512 800 ac
534 760 691 815 reliqua
711 759 962 801 vestimenta
974 776 986 813 3
1018 766 1060 801 et
1080 775 1389 817 quamcumque
1410 767 1570 816 partem
1591 762 1721 803 stabi-

271 827 392 878 lieris,
423 827 627 867 confirma
657 841 750 868 eam
782 827 963 868 exterius
995 829 1137 879 clavis,
1158 842 1211 869 ne
1233 836 1449 870 moveatur
1469 844 1495 869 a
1515 844 1591 870 suo
1613 830 1719 870 loco.

271 894 387 935 Tunc
408 894 565 935 habeas
585 894 739 935 ferrum
762 895 1065 946 solidatorium‚
1087 896 1201 951 quod
1222 897 1276 937 sit
1295 897 1470 951 longum
1492 903 1534 937 et
1553 897 1721 951 gracile,

269 963 312 1003 in
333 963 571 1004 summitate
592 977 690 1003 vero
722 977 914 1018 grossum
941 977 990 1003 ac
1018 964 1260 1015 rotundum,
1287 964 1388 1004 etin
1407 978 1572 1004 summo
1592 964 1722 1018 ipsius

271 1030 536 1071 rotunditatis
558 1030 784 1071 deductum
807 1037 849 1072 et
878 1031 1045 1086 gracile,
1067 1032 1256 1072 limatum
1278 1038 1320 1072 et
1341 1038 1721 1088 superstannatum,

270 1104 532 1154 ponaturque
552 1098 594 1138 in
615 1098 771 1154 ignem.
833 1098 1006 1140 Interim
1027 1100 1170 1155 accipe
1190 1100 1375 1140 calamos
1396 1105 1594 1155 stagneos
1614 1113 1721 1155 quos

270 1166 426 1216 fudisti,
448 1172 490 1206 et
510 1165 711 1221 perfunde
732 1181 805 1207 eos
826 1166 922 1208 cera
941 1182 993 1207 ex
1014 1173 1191 1224 utraque
1207 1173 1338 1223 parte,
1355 1173 1397 1208 et
1412 1167 1564 1208 radens
1585 1166 1722 1221 plum-

270 1233 371 1274 bum
391 1233 435 1273 in
455 1234 671 1288 superficie
701 1248 774 1288 per
804 1234 946 1274 omnia
976 1235 1084 1286 loca,
1105 1250 1198 1291 quae
1226 1235 1446 1276 solidanda
1467 1239 1578 1275 sunt.
1639 1233 1723 1273 Ac-

270 1307 391 1356 cepto
413 1301 520 1342 ferro
541 1301 676 1342 calido
697 1316 861 1357 appone
883 1302 920 1342 ei
941 1308 1152 1357 stagnum,
1173 1303 1215 1342 in
1229 1317 1495 1358 quocumque
1515 1302 1607 1342 loco
1629 1301 1723 1341 duae

270 1374 408 1422 partes
429 1367 589 1422 plumbi
610 1369 876 1420 conveniunt,
897 1375 939 1409 et
959 1384 1055 1410 cum
1077 1370 1185 1411 ferro
1201 1370 1319 1411 linies
1335 1370 1469 1411 donec
1485 1369 1564 1411 sibi
1580 1368 1722 1410 adhae-

270 1441 401 1475 reant.
463 1435 639 1476 Statutis
660 1450 758 1477 vero
779 1436 1031 1492 imaginibus
1053 1438 1201 1478 eodem
1222 1438 1350 1478 modo
1372 1437 1584 1481 ordinabis
1606 1451 1721 1478 cam-

270 1515 347 1556 pos
380 1503 677 1559 cujuscumque
712 1503 862 1544 coloris
891 1504 1084 1556 volueris,
1118 1511 1160 1545 et
1196 1504 1255 1545 sic
1289 1504 1570 1560 particulatim
1605 1519 1722 1546 com-

271 1583 402 1623 pones
435 1570 659 1611 fenestram
699 1577 828 1612 tuam.
892 1571 1083 1613 Perfecta
1116 1587 1213 1614 vero
1254 1573 1435 1614 fenestra
1474 1578 1516 1614 et
1555 1573 1597 1613 in
1638 1587 1722 1614 uno

270 1638 396 1693 latere
428 1638 618 1688 solidata,
653 1653 896 1680 conversam
930 1641 972 1680 in
1008 1640 1119 1681 aliud
1157 1640 1278 1681 simili
1309 1641 1436 1682 modo
1466 1640 1651 1682 radendo
1682 1646 1724 1682 et

271 1705 490 1746 solidando
511 1706 697 1747 firmabis
718 1721 791 1762 per
811 1708 965 1749 omnia.

624 2189 927 2252 CAPUT
1007 2190 1362 2252 XXVIII.

271 2453 371 2552 ‘IN
402 2452 653 2508 imaginibus
675 2467 773 2493 vero
794 2452 1071 2494 fenestrarum
1098 2453 1132 2494 si
1153 2453 1332 2494 volueris
1358 2453 1401 2493 in
1429 2451 1634 2504 crucibus,
1660 2454 1723 2494 vel

379 2521 422 2561 in
461 2520 590 2571 libris,
626 2526 698 2561 aut
736 2519 779 2560 in
820 2525 971 2560 ornatu
1005 2520 1365 2572 vestimentorum,
1401 2535 1526 2575 super
1566 2520 1723 2575 pictum

272 2590 423 2630 vitrum
454 2603 643 2644 gemmas
674 2587 811 2629 facere
841 2587 1009 2629 alterius
1036 2588 1186 2629 coloris
1214 2588 1374 2644 absque
1401 2588 1587 2644 plumbo,
1609 2588 1724 2629 vide-

272 2657 369 2698 licet
398 2656 597 2697 iacinctos
627 2661 669 2696 et
698 2656 959 2711 smaragdos,
989 2655 1070 2697 hoe
1101 2656 1227 2697 modo
1258 2670 1375 2712 agas.
1437 2655 1547 2696 Cum
1578 2655 1724 2697 feceris

275 2739 419 2766 cruces
458 2724 500 2764 in
540 2723 625 2764 suis
659 2723 763 2765 locis
798 2723 840 2764 in
876 2723 1011 2779 capite
1047 2723 1292 2779 majestatis,
1329 2729 1402 2764 aut
1438 2723 1602 2774 librum,
1639 2723 1725 2764 sive

277 2798 521 2835 ornamenta
540 2791 582 2832 in
604 2792 687 2832 fine
707 2791 898 2842 vestium,
919 2806 1011 2847 quae
1038 2792 1080 2832 in
1109 2791 1268 2847 pictura
1297 2792 1402 2832 fiunt
1429 2806 1479 2832 ex
1509 2805 1609 2831 auro
1638 2790 1724 2831 sive

276 2877 327 2903 ex
349 2860 669 2916 auripigmento,
690 2859 778 2900 haec
806 2859 848 2899 in
877 2859 1063 2900 fenestris
1091 2860 1194 2900 fiant
1221 2873 1271 2900 ex
1301 2873 1448 2901 croceo
1471 2859 1576 2900 vitro
1598 2859 1722 2899 claro.
