1970 3202
226 288 309 328 202
622 301 854 330 PROLOGUS
886 302 932 329 IN
966 302 1141 330 LIBRUM
1174 302 1392 330 TERTmM.

294 398 414 444 Nam
429 413 549 458 pene
574 415 733 445 omnes
757 400 987 460 impensas
1022 400 1197 453 domus,
1229 402 1361 459 cujus
1397 399 1494 459 ipse
1517 403 1679 444 auctor

224 475 323 520 fieri
363 474 684 521 ardentissimo
723 477 949 522 desiderio
974 477 1251 536 concupivit,
1277 476 1358 521 sed
1382 491 1464 535 pro
1489 475 1679 520 humani

224 552 458 612 sanguinis
484 551 594 597 licet
629 552 785 597 hostili
810 554 972 598 crebra
1006 559 1167 599 tamen
1202 552 1425 598 effusione
1458 567 1557 598 non
1585 567 1683 608 me-

224 630 330 682 ruit,
354 630 402 674 in
443 645 569 682 auro,
602 635 651 675 et
685 634 891 690 argento,
917 645 1005 675 aere
1042 635 1091 674 et
1126 630 1259 682 ferro,
1302 628 1539 675 Salomoni
1585 619 1681 674 filio

226 706 471 766 delegavit.
543 705 744 767 Legerat
762 721 963 766 namque
981 707 1031 751 in
1047 706 1227 759 Exodo,
1245 705 1503 751 Dominum
1529 704 1683 765 Moysi

226 784 284 828 de
308 782 653 828 constructione
688 782 977 828 tabernaculi
1001 783 1277 828 mandatum
1301 782 1494 835 dedisse,
1520 787 1569 827 et
1587 797 1684 826 ma-

225 860 392 919 gistros
415 875 608 919 operum
632 874 692 904 ex
717 859 906 904 nomine
930 858 1138 919 elegisse,
1164 874 1335 918 eosque
1372 859 1537 918 spiritu
1567 859 1685 918 sapi-

228 936 364 981 entiae
411 942 460 981 et
506 936 829 997 intelligentiae
876 941 924 981 et
970 936 1176 981 scientiae
1205 936 1253 980 in
1301 935 1427 980 omni
1475 935 1685 980 doctrina

227 1012 444 1073 implesse
477 1013 534 1058 ad
572 1012 935 1073 excogitandum
967 1018 1016 1057 et
1053 1012 1317 1057 faciendum
1353 1027 1467 1071 opus
1490 1012 1538 1056 in
1574 1027 1685 1057 auro

228 1096 276 1135 et
301 1094 495 1151 argento
529 1095 577 1135 et
615 1105 716 1142 aere,
755 1089 967 1150 gemmis,
1000 1088 1139 1150 ligno,
1176 1095 1224 1134 et
1266 1089 1468 1135 universi
1503 1089 1686 1150 generis

228 1172 340 1220 arte,
376 1172 662 1226 noveratque
696 1167 773 1226 pia
812 1166 1183 1212 consideratione
1224 1165 1383 1211 Deum
1420 1166 1685 1226 hujusmodi

229 1248 396 1289 ornatu
426 1243 661 1296 delectari,
691 1258 831 1302 quem
871 1243 1073 1289 construi
1111 1243 1388 1303 disponebat
1421 1243 1687 1303 magisterio

229 1326 279 1366 et
313 1320 595 1365 auctoritate
630 1319 830 1380 Spiritus
862 1320 1023 1373 sancti,
1052 1320 1367 1380 credebatque
1389 1320 1565 1379 absque
1589 1319 1687 1379 ejus

229 1397 453 1443 instinctu
498 1396 615 1441 nihil
659 1397 927 1456 hujusmodi
986 1411 1268 1456 quemquam
1327 1411 1462 1457 posse
1520 1396 1686 1441 moliri.

231 1474 537 1535 Quapropter,
573 1474 874 1519 dilectissime
909 1473 1013 1527 Fili,
1037 1488 1131 1518 non
1155 1474 1398 1527 cuncteris,
1434 1473 1516 1519 sed
1549 1472 1689 1533 plena

230 1550 323 1596 fide
355 1552 505 1604 crede,
530 1552 743 1612 spiritum
768 1551 862 1596 Dei
899 1567 977 1596 cor
1012 1557 1146 1596 tuum
1182 1551 1412 1611 implesse,
1448 1565 1556 1596 cum
1591 1550 1689 1609 ejus

232 1630 405 1674 ornasti
441 1630 632 1675 domum
669 1635 802 1674 tanto
838 1629 1016 1682 decore,
1053 1635 1278 1689 tantaque
1313 1644 1505 1689 operum
1545 1628 1690 1673 varie-

231 1708 360 1757 tate3
408 1710 457 1750 et
504 1719 563 1750 ne
610 1703 729 1750 forte
776 1704 969 1758 diffidas,
1001 1706 1141 1751 nlin
1196 1707 1282 1751 evi
1328 1706 1459 1751 denti
1496 1705 1688 1758 ratione,

232 1782 452 1840 quicquid
471 1782 659 1835 discere,
678 1782 953 1843 intelligere,
971 1783 1045 1829 vel
1064 1784 1330 1844 excogitare
1343 1784 1487 1844 possis
1505 1785 1688 1837 artium,

232 1858 514 1917 septiformis
538 1859 725 1918 spiritus
747 1860 946 1920 gratiam
973 1860 1059 1904 tibi
1083 1860 1358 1905 ministrare.

302 2109 416 2155 ¹Per
434 2111 650 2170 spiritum
668 2112 907 2172 sapientiae
927 2112 1165 2172 cognoscis
1179 2127 1206 2157 a
1226 2111 1331 2157 Deo
1350 2118 1518 2158 cuncta
1536 2118 1692 2159 creata

234 2186 497 2246 procedere,
535 2193 584 2233 et
617 2189 716 2234 sine
749 2190 849 2250 ipso
884 2189 1000 2234 nihil
1034 2204 1160 2242 esse3
1197 2205 1279 2250 per
1313 2190 1528 2250 spiritum
1555 2189 1692 2235 intel-

236 2261 385 2308 lectus
409 2265 573 2324 cepisti
599 2267 907 2326 capacitatem
937 2266 1125 2327 ingenii,
1150 2282 1241 2327 quo
1266 2267 1438 2319 ordine,
1463 2282 1554 2326 qua
1577 2267 1692 2312 vari-

236 2344 376 2392 etate,
413 2355 504 2398 qua
538 2357 753 2387 mensura
777 2343 929 2388 valeas
964 2344 1176 2389 insistere
1210 2344 1389 2389 diverso
1421 2343 1574 2403 operi3
1609 2358 1692 2402 per

236 2416 450 2476 spiritum
487 2418 664 2464 consilii
699 2418 932 2466 talentum
968 2435 996 2466 a
1031 2419 1136 2466 Deo
1172 2420 1258 2466 tibi
1295 2435 1562 2466 concessum
1600 2434 1692 2464 non

1216 2486 1240 2514 ..t

290 2548 301 2568 ¹
332 2548 437 2587 Nota
456 2550 801 2588 conformationem
832 2559 980 2603 septem
1002 2553 1228 2604 spiritorum
1257 2566 1344 2591 cum
1362 2562 1512 2604 septem
1531 2565 1692 2604 operum

236 2611 520 2651 artibus—Ex
539 2613 634 2653 MS.
655 2613 816 2653 Harleo.
