1970 3202
352 285 436 325 322
800 302 1054 331 THEOPHILI
1087 304 1223 333 LmEn
1256 306 1325 335 111.

693 490 994 554 CAPUT
1072 493 1437 557 LXX11L

825 643 885 669 DE
916 643 1063 671 OPERE
1092 644 1320 673 PUNCTILI.

355 737 603 836 FIUNT
622 740 748 781 etiam
777 740 942 781 laminae
973 741 1025 782 de
1057 755 1200 797 cupro,
1232 743 1359 784 modo
1394 758 1479 799 quo
1517 743 1721 799 superius,
1758 749 1801 785 et

471 808 685 848 fodiuntur
711 808 853 863 gracili
874 823 998 864 opere
1019 809 1263 865 imaginum,
1281 811 1433 852 florum
1452 812 1538 852 sive
1558 811 1798 863 bestiarum,

351 882 393 916 et
414 876 472 916 ita
491 875 726 930 disponitur
745 891 863 931 opus,
885 882 931 917 ut
951 879 1088 932 campi
1110 878 1268 932 parvuli
1288 878 1384 930 sint,
1398 879 1549 920 deinde
1569 886 1800 934 purgantur

351 957 445 983 cum
480 943 620 983 subtili
655 943 816 995 sabulo,
847 950 888 985 et
919 959 1014 985 cum
1042 945 1160 986 ferris
1190 946 1244 986 ad
1281 946 1363 987 hoc
1403 961 1508 1002 opus
1547 946 1656 1001 aptis
1694 946 1799 1001 poli-

351 1016 476 1051 untur
505 1016 547 1051 et
577 1011 826 1052 colorantur.
889 1011 996 1053 Post
1028 1012 1118 1054 haec
1147 1013 1256 1055 ferro
1289 1014 1510 1069 punctorio
1544 1019 1798 1068 punguntur,

351 1078 463 1134 quod
491 1078 572 1119 hoc
599 1079 726 1120 modo
759 1079 974 1121 formatur.
1042 1080 1110 1122 Ex
1137 1080 1315 1137 chalybe
1344 1081 1393 1122 fit
1419 1081 1573 1121 ferrum
1600 1080 1654 1121 ad
1683 1094 1798 1121 men-

349 1159 489 1186 suram
530 1146 648 1202 digiti
681 1148 868 1203 longum,
905 1148 949 1188 in
982 1163 1068 1189 una
1109 1148 1348 1190 summitate
1386 1147 1553 1203 gracile,
1586 1147 1630 1187 in
1670 1148 1799 1189 altera

348 1215 546 1269 grossius,
615 1215 742 1264 Quod
774 1230 871 1256 cum
905 1215 948 1256 in
980 1215 1187 1272 graciliori
1214 1220 1332 1271 parte
1364 1214 1577 1271 aequaliter
1606 1215 1797 1256 limatum

350 1282 482 1332 fuerit,
510 1297 606 1323 cum
637 1283 906 1325 subtilissimo
933 1284 1041 1325 ferro
1062 1289 1104 1324 et
1129 1284 1321 1325 malleolo
1348 1283 1576 1339 percutitur
1595 1283 1639 1324 in
1658 1283 1798 1324 medio

349 1351 438 1405 ejus
464 1350 613 1391 subtile
639 1351 843 1403 foramen,
879 1352 1030 1393 deinde
1057 1352 1167 1393 circa
1198 1351 1337 1408 ipsum
1365 1351 1553 1392 foramen
1579 1351 1799 1407 diligenter

346 1419 527 1469 limatur,
560 1419 695 1460 donec
716 1434 788 1460 ora
810 1420 898 1475 ejus
918 1421 960 1460 in
981 1420 1153 1461 circuitu
1182 1420 1395 1476 aequaliter
1415 1424 1538 1460 acuta
1557 1419 1645 1470 fiat,
1674 1418 1732 1459 ita
1751 1423 1800 1458 ut

347 1500 599 1542 quocunque
632 1487 885 1541 percutiatur
915 1487 1180 1529 brevissimus
1211 1488 1388 1529 circulus
1418 1492 1630 1542 appareat.
1691 1485 1799 1526 Post

347 1554 436 1594 haec
458 1554 592 1609 ipsum
615 1554 767 1595 ferrum
791 1555 954 1596 modice
975 1555 1237 1606 calefactum,
1268 1560 1314 1596 ut
1333 1554 1402 1595 vix
1423 1554 1661 1605 candescat,
1690 1559 1798 1594 tem-

347 1627 513 1677 peretur
543 1621 586 1662 in
619 1636 743 1678 aqua.
806 1622 971 1663 Deinde
1003 1628 1099 1664 tene
1132 1623 1270 1679 ipsum
1293 1624 1447 1663 ferrum
1476 1621 1643 1663 sinistra
1669 1635 1797 1661 manu

347 1695 388 1730 et
408 1689 648 1730 malleolum
685 1689 845 1740 dextra,
885 1691 1112 1747 sedeatque
1146 1705 1249 1747 puer
1284 1696 1381 1731 ante
1413 1696 1456 1731 te
1491 1689 1564 1745 qui
1596 1689 1797 1730 laminam

347 1763 488 1799 teneat
508 1772 631 1812 super
661 1757 869 1810 incudem,
891 1764 932 1799 et
962 1765 1077 1814 aptet
1095 1759 1139 1799 in
1165 1758 1268 1799 locis
1289 1758 1374 1799 suis
1393 1757 1437 1798 in
1457 1757 1609 1814 quibus
1630 1771 1798 1812 percus-

346 1840 465 1867 surus
505 1840 563 1876 es,
600 1825 744 1881 sicque
779 1826 1044 1868 mediocriter
1082 1826 1317 1882 percutiens
1357 1840 1480 1881 super
1514 1825 1668 1866 ferrum
1701 1838 1797 1865 cum

346 1894 537 1934 malleolo
570 1893 697 1948 imple
730 1892 943 1949 campum*
962 1883 1093 1935 unum
1126 1893 1406 1935 subtilissimis
1439 1892 1605 1933 circulis
1635 1897 1797 1948 quanto

345 1961 515 2017 propius
536 1961 671 2016 possis
692 1962 947 2017 conjungere
974 1976 1104 2002 unum
1125 1962 1254 2003 alteri.
1317 1961 1505 2016 Impletis
1526 1959 1685 2015 eampis
1706 1973 1798 2000 om-

344 2029 466 2070 nibus
486 2028 530 2069 in
549 2028 661 2069 hunc
682 2029 854 2070 modum
873 2044 984 2085 pone
1003 2029 1138 2085 ipsam
1158 2029 1359 2070 laminam
1380 2043 1504 2084 super
1522 2041 1678 2083 prunas
1698 2041 1798 2068 can-

322 2139 326 2142 ,
345 2097 505 2148 dentes,
526 2111 659 2152 usque
680 2097 968 2153 percussiones
989 2097 1068 2138 illae
1087 2097 1248 2139 fulvum
1268 2097 1450 2138 colorem
1471 2095 1685 2151 recipiant.

713 2462 1020 2525 CAPUT
1096 2460 1414 2524 LXXIV

834 2607 895 2634 DE
925 2607 1072 2635 OPERE
1103 2605 1302 2634 DUCTILI-

347 2703 695 2804 PERCUTE
717 2705 902 2746 tabulam
920 2719 1088 2746 auream
1109 2704 1197 2746 sive
1217 2709 1460 2760 argenteam
1476 2709 1643 2760 quantae
1659 2704 1795 2760 longi-

467 2771 623 2813 tudinis
644 2777 686 2813 et
705 2772 936 2814 latitudinis
956 2772 1058 2814 velis
1078 2772 1132 2813 ad
1152 2771 1375 2813 elevandas
1395 2771 1614 2827 imagines,
1666 2769 1794 2820 Quod

346 2854 492 2881 aurum
517 2840 583 2880 vel
613 2846 845 2895 argentum,
875 2855 972 2882 cum
1006 2840 1139 2896 primo
1170 2839 1339 2891 fuderis,
1370 2838 1588 2895 diligenter
1617 2838 1794 2879 circum-

349 2908 534 2949 radendo
555 2908 619 2950 vel
647 2908 846 2950 fodiendo
867 2909 1039 2965 inspice,
1067 2923 1119 2950 ne
1151 2909 1257 2950 forte
1285 2908 1425 2964 aliqua
1448 2906 1693 2949 vesicasive
1724 2906 1796 2947 fis-
