<?xml version="1.0" encoding="UTF-8"?>
<!DOCTYPE html PUBLIC "-//W3C//DTD XHTML 1.0 Transitional//EN"
    "http://www.w3.org/TR/xhtml1/DTD/xhtml1-transitional.dtd">
<html xmlns="http://www.w3.org/1999/xhtml" xml:lang="en" lang="en">
 <head>
  <title>
</title>
<meta http-equiv="Content-Type" content="text/html;charset=utf-8" />
  <meta name='ocr-system' content='tesseract 3.04.00' />
  <meta name='ocr-capabilities' content='ocr_page ocr_carea ocr_par ocr_line ocrx_word'/>
</head>
<body>
  <div class='ocr_page' id='page_1' title='image "./theophiliquietru00theouoft_0106.png"; bbox 0 0 1970 3202; ppageno 0'>
   <div class='ocr_carea' id='block_1_1' title="bbox 338 265 1297 308">
    <p class='ocr_par' dir='ltr' id='par_1_1' title="bbox 338 265 1297 308">
     <span class='ocr_line' id='line_1_1' title="bbox 338 265 1297 308; baseline 0.003 -4"><span class='ocrx_word' id='word_1_1' title='bbox 338 265 392 305; x_wconf 81' lang='lat'>36</span> <span class='ocrx_word' id='word_1_2' title='bbox 813 279 1063 307; x_wconf 77' lang='lat' dir='ltr'>THEOPHILI</span> <span class='ocrx_word' id='word_1_3' title='bbox 1098 280 1232 307; x_wconf 69' lang='lat' dir='ltr'>mmm</span> <span class='ocrx_word' id='word_1_4' title='bbox 1268 281 1297 308; x_wconf 89' lang='lat'>1.</span> 
     </span>
    </p>
   </div>
   <div class='ocr_carea' id='block_1_2' title="bbox 764 467 1340 531">
    <p class='ocr_par' dir='ltr' id='par_1_2' title="bbox 764 467 1340 531">
     <span class='ocr_line' id='line_1_2' title="bbox 764 467 1340 531; baseline 0 -2"><span class='ocrx_word' id='word_1_5' title='bbox 764 467 1060 531; x_wconf 85' lang='lat' dir='ltr'><strong>CAPUT</strong></span> <span class='ocrx_word' id='word_1_6' title='bbox 1135 468 1340 531; x_wconf 90' lang='lat' dir='ltr'>XXX.</span> 
     </span>
    </p>
   </div>
   <div class='ocr_carea' id='block_1_3' title="bbox 339 600 1773 644">
    <p class='ocr_par' dir='ltr' id='par_1_3' title="bbox 339 600 1773 644">
     <span class='ocr_line' id='line_1_3' title="bbox 339 600 1773 644; baseline 0.003 -15"><span class='ocrx_word' id='word_1_7' title='bbox 339 602 398 630; x_wconf 91' lang='lat' dir='ltr'>DE</span> <span class='ocrx_word' id='word_1_8' title='bbox 420 603 638 632; x_wconf 85' lang='lat' dir='ltr'>MOLENDO</span> <span class='ocrx_word' id='word_1_9' title='bbox 659 603 780 634; x_wconf 89' lang='lat' dir='ltr'><strong>AURO</strong></span> <span class='ocrx_word' id='word_1_10' title='bbox 802 600 851 633; x_wconf 79' lang='lat' dir='ltr'>IN</span> <span class='ocrx_word' id='word_1_11' title='bbox 873 606 1037 644; x_wconf 83' lang='lat' dir='ltr'>LIBRIS,</span> <span class='ocrx_word' id='word_1_12' title='bbox 1060 606 1114 633; x_wconf 86' lang='grc' dir='ltr'>ΕΤ</span> <span class='ocrx_word' id='word_1_13' title='bbox 1136 606 1197 633; x_wconf 89' lang='lat' dir='ltr'>DE</span> <span class='ocrx_word' id='word_1_14' title='bbox 1219 605 1465 634; x_wconf 87' lang='lat' dir='ltr'><strong>FUNDENDO</strong></span> <span class='ocrx_word' id='word_1_15' title='bbox 1488 604 1773 633; x_wconf 87' lang='lat' dir='ltr'>MOLENDINO.</span> 
     </span>
    </p>
   </div>
   <div class='ocr_carea' id='block_1_4' title="bbox 322 695 1797 2780">
    <p class='ocr_par' dir='ltr' id='par_1_4' title="bbox 322 695 1797 2780">
     <span class='ocr_line' id='line_1_4' title="bbox 341 695 1786 794; baseline 0 -58"><span class='ocrx_word' id='word_1_16' title='bbox 341 695 527 794; x_wconf 79' lang='lat' dir='ltr'>CUM</span> <span class='ocrx_word' id='word_1_17' title='bbox 551 696 798 751; x_wconf 78' lang='lat' dir='ltr'>pertraxeris</span> <span class='ocrx_word' id='word_1_18' title='bbox 818 697 1022 752; x_wconf 83' lang='lat' dir='ltr'>imagines</span> <span class='ocrx_word' id='word_1_19' title='bbox 1043 697 1109 738; x_wconf 88' lang='lat' dir='ltr'>vel</span> <span class='ocrx_word' id='word_1_20' title='bbox 1129 697 1289 738; x_wconf 82' lang='lat' dir='ltr'>litteras</span> <span class='ocrx_word' id='word_1_21' title='bbox 1308 697 1352 737; x_wconf 88' lang='lat' dir='ltr'>in</span> <span class='ocrx_word' id='word_1_22' title='bbox 1372 696 1500 748; x_wconf 89' lang='lat' dir='ltr'>libris,</span> <span class='ocrx_word' id='word_1_23' title='bbox 1521 697 1618 738; x_wconf 89' lang='lat' dir='ltr'>tolle</span> <span class='ocrx_word' id='word_1_24' title='bbox 1639 711 1786 737; x_wconf 87' lang='lat' dir='ltr'>aurum</span> 
     </span>
     <span class='ocr_line' id='line_1_5' title="bbox 452 763 1787 820; baseline 0 -16"><span class='ocrx_word' id='word_1_25' title='bbox 452 779 600 820; x_wconf 90' lang='lat' dir='ltr'>purum</span> <span class='ocrx_word' id='word_1_26' title='bbox 637 770 679 805; x_wconf 92' lang='lat' dir='ltr'>et</span> <span class='ocrx_word' id='word_1_27' title='bbox 709 764 808 805; x_wconf 90' lang='lat' dir='ltr'>lima</span> <span class='ocrx_word' id='word_1_28' title='bbox 839 763 941 805; x_wconf 90' lang='lat' dir='ltr'>illud</span> <span class='ocrx_word' id='word_1_29' title='bbox 976 764 1252 806; x_wconf 84' lang='lat' dir='ltr'>minutissime</span> <span class='ocrx_word' id='word_1_30' title='bbox 1290 765 1333 805; x_wconf 93' lang='lat' dir='ltr'>in</span> <span class='ocrx_word' id='word_1_31' title='bbox 1365 764 1636 805; x_wconf 87' lang='lat' dir='ltr'>mundissima</span> <span class='ocrx_word' id='word_1_32' title='bbox 1667 764 1787 819; x_wconf 90' lang='lat' dir='ltr'>pelvi,</span> 
     </span>
     <span class='ocr_line' id='line_1_6' title="bbox 337 830 1789 888; baseline 0.001 -17"><span class='ocrx_word' id='word_1_33' title='bbox 337 830 425 872; x_wconf 90' lang='lat' dir='ltr'>sive</span> <span class='ocrx_word' id='word_1_34' title='bbox 445 831 632 883; x_wconf 85' lang='lat' dir='ltr'>baccina,</span> <span class='ocrx_word' id='word_1_35' title='bbox 654 832 797 888; x_wconf 88' lang='lat' dir='ltr'>sicque</span> <span class='ocrx_word' id='word_1_36' title='bbox 832 832 992 873; x_wconf 84' lang='lat' dir='ltr'>lavabis</span> <span class='ocrx_word' id='word_1_37' title='bbox 1011 832 1112 872; x_wconf 90' lang='lat' dir='ltr'>illud</span> <span class='ocrx_word' id='word_1_38' title='bbox 1134 847 1231 873; x_wconf 91' lang='lat' dir='ltr'>cum</span> <span class='ocrx_word' id='word_1_39' title='bbox 1253 832 1431 887; x_wconf 87' lang='lat' dir='ltr'>pincello</span> <span class='ocrx_word' id='word_1_40' title='bbox 1452 832 1495 872; x_wconf 89' lang='lat' dir='ltr'>in</span> <span class='ocrx_word' id='word_1_41' title='bbox 1526 831 1687 873; x_wconf 89' lang='lat' dir='ltr'>concha</span> <span class='ocrx_word' id='word_1_42' title='bbox 1706 837 1789 872; x_wconf 92' lang='lat' dir='ltr'>tes-</span> 
     </span>
     <span class='ocr_line' id='line_1_7' title="bbox 337 898 1789 956; baseline 0.001 -17"><span class='ocrx_word' id='word_1_43' title='bbox 337 898 492 939; x_wconf 86' lang='lat' dir='ltr'>tudinis</span> <span class='ocrx_word' id='word_1_44' title='bbox 514 899 579 939; x_wconf 90' lang='lat' dir='ltr'>vel</span> <span class='ocrx_word' id='word_1_45' title='bbox 614 900 822 950; x_wconf 89' lang='lat' dir='ltr'>conchilii,</span> <span class='ocrx_word' id='word_1_46' title='bbox 853 914 947 956; x_wconf 86' lang='lat' dir='ltr'>quae</span> <span class='ocrx_word' id='word_1_47' title='bbox 973 899 1026 940; x_wconf 94' lang='lat' dir='ltr'>de</span> <span class='ocrx_word' id='word_1_48' title='bbox 1059 913 1169 955; x_wconf 86' lang='lat' dir='ltr'>aqua</span> <span class='ocrx_word' id='word_1_49' title='bbox 1198 900 1368 941; x_wconf 87' lang='lat' dir='ltr'>tollitur.</span> <span class='ocrx_word' id='word_1_50' title='bbox 1430 900 1596 941; x_wconf 90' lang='lat' dir='ltr'>Deinde</span> <span class='ocrx_word' id='word_1_51' title='bbox 1630 900 1789 942; x_wconf 83' lang='lat' dir='ltr'>habeas</span> 
     </span>
     <span class='ocr_line' id='line_1_8' title="bbox 338 965 1789 1022; baseline 0.001 -17"><span class='ocrx_word' id='word_1_52' title='bbox 338 965 624 1006; x_wconf 86' lang='lat' dir='ltr'>molendinum</span> <span class='ocrx_word' id='word_1_53' title='bbox 664 980 762 1007; x_wconf 91' lang='lat' dir='ltr'>cum</span> <span class='ocrx_word' id='word_1_54' title='bbox 803 966 960 1022; x_wconf 90' lang='lat' dir='ltr'>pistillo</span> <span class='ocrx_word' id='word_1_55' title='bbox 1001 981 1093 1018; x_wconf 91' lang='lat' dir='ltr'>suo,</span> <span class='ocrx_word' id='word_1_56' title='bbox 1141 972 1318 1022; x_wconf 90' lang='lat' dir='ltr'>utraque</span> <span class='ocrx_word' id='word_1_57' title='bbox 1348 966 1487 1007; x_wconf 82' lang='lat' dir='ltr'>fusilia</span> <span class='ocrx_word' id='word_1_58' title='bbox 1527 981 1579 1007; x_wconf 84' lang='lat' dir='ltr'>ex</span> <span class='ocrx_word' id='word_1_59' title='bbox 1618 967 1789 1007; x_wconf 86' lang='lat' dir='ltr'>metallo</span> 
     </span>
     <span class='ocr_line' id='line_1_9' title="bbox 338 1031 1790 1090; baseline 0.001 -19"><span class='ocrx_word' id='word_1_60' title='bbox 338 1031 453 1087; x_wconf 90' lang='lat' dir='ltr'>cupri</span> <span class='ocrx_word' id='word_1_61' title='bbox 484 1038 526 1073; x_wconf 88' lang='lat' dir='ltr'>et</span> <span class='ocrx_word' id='word_1_62' title='bbox 555 1034 692 1090; x_wconf 83' lang='lat' dir='ltr'>stagni</span> <span class='ocrx_word' id='word_1_63' title='bbox 721 1035 780 1075; x_wconf 90' lang='lat' dir='ltr'>ita</span> <span class='ocrx_word' id='word_1_64' title='bbox 809 1035 1054 1085; x_wconf 84' lang='lat' dir='ltr'>commixto,</span> <span class='ocrx_word' id='word_1_65' title='bbox 1081 1039 1127 1074; x_wconf 92' lang='lat' dir='ltr'>ut</span> <span class='ocrx_word' id='word_1_66' title='bbox 1155 1039 1240 1075; x_wconf 88' lang='lat' dir='ltr'>tres</span> <span class='ocrx_word' id='word_1_67' title='bbox 1270 1039 1410 1089; x_wconf 85' lang='lat' dir='ltr'>partes</span> <span class='ocrx_word' id='word_1_68' title='bbox 1441 1033 1524 1074; x_wconf 91' lang='lat' dir='ltr'>sint</span> <span class='ocrx_word' id='word_1_69' title='bbox 1553 1034 1669 1088; x_wconf 90' lang='lat' dir='ltr'>cupri</span> <span class='ocrx_word' id='word_1_70' title='bbox 1699 1033 1790 1089; x_wconf 91' lang='lat' dir='ltr'>puri</span> 
     </span>
     <span class='ocr_line' id='line_1_10' title="bbox 339 1100 1791 1158; baseline 0.001 -18"><span class='ocrx_word' id='word_1_71' title='bbox 339 1105 381 1140; x_wconf 93' lang='lat' dir='ltr'>et</span> <span class='ocrx_word' id='word_1_72' title='bbox 412 1106 562 1155; x_wconf 89' lang='lat' dir='ltr'>quarta</span> <span class='ocrx_word' id='word_1_73' title='bbox 595 1101 733 1157; x_wconf 84' lang='lat' dir='ltr'>stagni</span> <span class='ocrx_word' id='word_1_74' title='bbox 773 1102 865 1158; x_wconf 89' lang='lat' dir='ltr'>puri</span> <span class='ocrx_word' id='word_1_75' title='bbox 902 1116 927 1143; x_wconf 87' lang='lat' dir='ltr'>a</span> <span class='ocrx_word' id='word_1_76' title='bbox 955 1102 1141 1157; x_wconf 91' lang='lat' dir='ltr'>plumbo.</span> <span class='ocrx_word' id='word_1_77' title='bbox 1203 1101 1283 1142; x_wconf 91' lang='lat' dir='ltr'>His</span> <span class='ocrx_word' id='word_1_78' title='bbox 1318 1100 1377 1141; x_wconf 88' lang='lat' dir='ltr'>ita</span> <span class='ocrx_word' id='word_1_79' title='bbox 1411 1100 1658 1156; x_wconf 81' lang='lat' dir='ltr'>compositis</span> <span class='ocrx_word' id='word_1_80' title='bbox 1698 1101 1791 1141; x_wconf 89' lang='lat' dir='ltr'>fun-</span> 
     </span>
     <span class='ocr_line' id='line_1_11' title="bbox 339 1167 1791 1223; baseline 0.001 -15"><span class='ocrx_word' id='word_1_81' title='bbox 339 1168 462 1208; x_wconf 89' lang='lat' dir='ltr'>datur</span> <span class='ocrx_word' id='word_1_82' title='bbox 493 1169 780 1210; x_wconf 89' lang='lat' dir='ltr'>molendinum</span> <span class='ocrx_word' id='word_1_83' title='bbox 813 1169 867 1210; x_wconf 86' lang='lat' dir='ltr'>ad</span> <span class='ocrx_word' id='word_1_84' title='bbox 901 1169 1215 1210; x_wconf 87' lang='lat' dir='ltr'>similitudinem</span> <span class='ocrx_word' id='word_1_85' title='bbox 1247 1167 1491 1220; x_wconf 87' lang='lat' dir='ltr'>mortarioli‚</span> <span class='ocrx_word' id='word_1_86' title='bbox 1521 1173 1562 1209; x_wconf 90' lang='lat' dir='ltr'>et</span> <span class='ocrx_word' id='word_1_87' title='bbox 1594 1168 1791 1223; x_wconf 90' lang='lat' dir='ltr'>pistillum</span> 
     </span>
     <span class='ocr_line' id='line_1_12' title="bbox 339 1235 1793 1293; baseline 0.002 -18"><span class='ocrx_word' id='word_1_88' title='bbox 339 1235 429 1291; x_wconf 90' lang='lat' dir='ltr'>ejus</span> <span class='ocrx_word' id='word_1_89' title='bbox 459 1235 570 1276; x_wconf 90' lang='lat' dir='ltr'>circa</span> <span class='ocrx_word' id='word_1_90' title='bbox 602 1236 756 1278; x_wconf 88' lang='lat' dir='ltr'>ferrum</span> <span class='ocrx_word' id='word_1_91' title='bbox 789 1237 910 1293; x_wconf 88' lang='lat' dir='ltr'>quasi</span> <span class='ocrx_word' id='word_1_92' title='bbox 945 1236 1095 1287; x_wconf 88' lang='lat' dir='ltr'>nodus,</span> <span class='ocrx_word' id='word_1_93' title='bbox 1116 1236 1175 1276; x_wconf 87' lang='lat' dir='ltr'>ita</span> <span class='ocrx_word' id='word_1_94' title='bbox 1207 1241 1254 1276; x_wconf 91' lang='lat' dir='ltr'>ut</span> <span class='ocrx_word' id='word_1_95' title='bbox 1283 1236 1437 1277; x_wconf 88' lang='lat' dir='ltr'>ferrum</span> <span class='ocrx_word' id='word_1_96' title='bbox 1467 1235 1562 1276; x_wconf 90' lang='lat' dir='ltr'>inde</span> <span class='ocrx_word' id='word_1_97' title='bbox 1592 1237 1793 1291; x_wconf 90' lang='lat' dir='ltr'>procedat</span> 
     </span>
     <span class='ocr_line' id='line_1_13' title="bbox 341 1302 1792 1360; baseline 0.001 -18"><span class='ocrx_word' id='word_1_98' title='bbox 341 1302 621 1357; x_wconf 83' lang='lat' dir='ltr'>grossitudine</span> <span class='ocrx_word' id='word_1_99' title='bbox 642 1304 764 1345; x_wconf 89' lang='lat' dir='ltr'>unius</span> <span class='ocrx_word' id='word_1_100' title='bbox 786 1303 919 1360; x_wconf 87' lang='lat' dir='ltr'>digiti,</span> <span class='ocrx_word' id='word_1_101' title='bbox 941 1309 983 1345; x_wconf 89' lang='lat' dir='ltr'>et</span> <span class='ocrx_word' id='word_1_102' title='bbox 1004 1304 1264 1360; x_wconf 89' lang='lat' dir='ltr'>longitudine</span> <span class='ocrx_word' id='word_1_103' title='bbox 1294 1303 1458 1344; x_wconf 89' lang='lat' dir='ltr'>modice</span> <span class='ocrx_word' id='word_1_104' title='bbox 1478 1303 1655 1359; x_wconf 89' lang='lat' dir='ltr'>amplius</span> <span class='ocrx_word' id='word_1_105' title='bbox 1676 1304 1792 1359; x_wconf 92' lang='lat' dir='ltr'>pedis</span> 
     </span>
     <span class='ocr_line' id='line_1_14' title="bbox 340 1369 1793 1427; baseline 0.001 -18"><span class='ocrx_word' id='word_1_106' title='bbox 340 1369 497 1410; x_wconf 90' lang='lat' dir='ltr'>dimidii</span> <span class='ocrx_word' id='word_1_107' title='bbox 513 1387 523 1422; x_wconf 82' lang='lat'><em>3</em></span> <span class='ocrx_word' id='word_1_108' title='bbox 557 1372 676 1427; x_wconf 89' lang='lat' dir='ltr'>cujus</span> <span class='ocrx_word' id='word_1_109' title='bbox 697 1371 793 1413; x_wconf 91' lang='lat' dir='ltr'>ferri</span> <span class='ocrx_word' id='word_1_110' title='bbox 823 1371 944 1413; x_wconf 87' lang='lat' dir='ltr'>tertia</span> <span class='ocrx_word' id='word_1_111' title='bbox 974 1386 1070 1427; x_wconf 85' lang='lat' dir='ltr'>pars</span> <span class='ocrx_word' id='word_1_112' title='bbox 1101 1371 1300 1427; x_wconf 87' lang='lat' dir='ltr'>infigatur</span> <span class='ocrx_word' id='word_1_113' title='bbox 1320 1371 1434 1427; x_wconf 87' lang='lat' dir='ltr'>ligno</span> <span class='ocrx_word' id='word_1_114' title='bbox 1465 1371 1683 1426; x_wconf 87' lang='lat' dir='ltr'>diligenter</span> <span class='ocrx_word' id='word_1_115' title='bbox 1712 1377 1793 1412; x_wconf 88' lang='lat' dir='ltr'>tor-</span> 
     </span>
     <span class='ocr_line' id='line_1_15' title="bbox 340 1439 1792 1495; baseline 0.002 -18"><span class='ocrx_word' id='word_1_116' title='bbox 340 1443 440 1478; x_wconf 92' lang='lat' dir='ltr'>nato</span> <span class='ocrx_word' id='word_1_117' title='bbox 461 1439 514 1479; x_wconf 92' lang='lat' dir='ltr'>ad</span> <span class='ocrx_word' id='word_1_118' title='bbox 546 1439 849 1495; x_wconf 89' lang='lat' dir='ltr'>longitudinem</span> <span class='ocrx_word' id='word_1_119' title='bbox 870 1439 989 1495; x_wconf 89' lang='lat' dir='ltr'>quasi</span> <span class='ocrx_word' id='word_1_120' title='bbox 1020 1439 1144 1480; x_wconf 92' lang='lat' dir='ltr'>unius</span> <span class='ocrx_word' id='word_1_121' title='bbox 1177 1439 1300 1491; x_wconf 88' lang='lat' dir='ltr'>ulnae,</span> <span class='ocrx_word' id='word_1_122' title='bbox 1322 1445 1364 1480; x_wconf 96' lang='lat' dir='ltr'>et</span> <span class='ocrx_word' id='word_1_123' title='bbox 1394 1439 1622 1480; x_wconf 87' lang='lat' dir='ltr'>rectissime</span> <span class='ocrx_word' id='word_1_124' title='bbox 1643 1439 1792 1490; x_wconf 88' lang='lat' dir='ltr'>forato,</span> 
     </span>
     <span class='ocr_line' id='line_1_16' title="bbox 338 1505 1793 1562; baseline 0.001 -17"><span class='ocrx_word' id='word_1_125' title='bbox 338 1505 383 1545; x_wconf 89' lang='lat' dir='ltr'>in</span> <span class='ocrx_word' id='word_1_126' title='bbox 404 1506 523 1561; x_wconf 87' lang='lat' dir='ltr'>cujus</span> <span class='ocrx_word' id='word_1_127' title='bbox 544 1506 726 1547; x_wconf 89' lang='lat' dir='ltr'>inferiori</span> <span class='ocrx_word' id='word_1_128' title='bbox 746 1512 863 1562; x_wconf 88' lang='lat' dir='ltr'>parte</span> <span class='ocrx_word' id='word_1_129' title='bbox 883 1513 1023 1548; x_wconf 89' lang='lat' dir='ltr'>tamen</span> <span class='ocrx_word' id='word_1_130' title='bbox 1045 1521 1071 1548; x_wconf 92' lang='lat' dir='ltr'>a</span> <span class='ocrx_word' id='word_1_131' title='bbox 1091 1507 1175 1547; x_wconf 89' lang='lat' dir='ltr'>fine</span> <span class='ocrx_word' id='word_1_132' title='bbox 1194 1506 1456 1562; x_wconf 90' lang='lat' dir='ltr'>longitudine</span> <span class='ocrx_word' id='word_1_133' title='bbox 1485 1512 1667 1562; x_wconf 84' lang='lat' dir='ltr'>quatuor</span> <span class='ocrx_word' id='word_1_134' title='bbox 1685 1506 1793 1561; x_wconf 88' lang='lat' dir='ltr'>digi-</span> 
     </span>
     <span class='ocr_line' id='line_1_17' title="bbox 340 1573 1795 1630; baseline 0 -16"><span class='ocrx_word' id='word_1_135' title='bbox 340 1578 493 1625; x_wconf 89' lang='lat' dir='ltr'>torum,</span> <span class='ocrx_word' id='word_1_136' title='bbox 513 1573 567 1614; x_wconf 89' lang='lat' dir='ltr'>sit</span> <span class='ocrx_word' id='word_1_137' title='bbox 599 1574 738 1615; x_wconf 91' lang='lat' dir='ltr'>rotula</span> <span class='ocrx_word' id='word_1_138' title='bbox 770 1575 856 1615; x_wconf 89' lang='lat' dir='ltr'>sive</span> <span class='ocrx_word' id='word_1_139' title='bbox 887 1575 1029 1630; x_wconf 89' lang='lat' dir='ltr'>lignea</span> <span class='ocrx_word' id='word_1_140' title='bbox 1062 1575 1149 1615; x_wconf 90' lang='lat' dir='ltr'>sive</span> <span class='ocrx_word' id='word_1_141' title='bbox 1184 1575 1382 1630; x_wconf 89' lang='lat' dir='ltr'>plumbea</span> <span class='ocrx_word' id='word_1_142' title='bbox 1421 1574 1643 1626; x_wconf 86' lang='lat' dir='ltr'>tornatilis,</span> <span class='ocrx_word' id='word_1_143' title='bbox 1676 1580 1718 1615; x_wconf 90' lang='lat' dir='ltr'>et</span> <span class='ocrx_word' id='word_1_144' title='bbox 1752 1574 1795 1614; x_wconf 91' lang='lat' dir='ltr'>in</span> 
     </span>
     <span class='ocr_line' id='line_1_18' title="bbox 342 1641 1795 1698; baseline 0.001 -17"><span class='ocrx_word' id='word_1_145' title='bbox 342 1641 479 1682; x_wconf 87' lang='lat' dir='ltr'>media</span> <span class='ocrx_word' id='word_1_146' title='bbox 513 1646 629 1697; x_wconf 90' lang='lat' dir='ltr'>parte</span> <span class='ocrx_word' id='word_1_147' title='bbox 662 1642 861 1697; x_wconf 90' lang='lat' dir='ltr'>superiori</span> <span class='ocrx_word' id='word_1_148' title='bbox 892 1642 1046 1698; x_wconf 86' lang='lat' dir='ltr'>figatur</span> <span class='ocrx_word' id='word_1_149' title='bbox 1065 1641 1244 1698; x_wconf 88' lang='lat' dir='ltr'>corrigia</span> <span class='ocrx_word' id='word_1_150' title='bbox 1264 1641 1350 1698; x_wconf 65' lang='lat' dir='ltr'>qua</span> <span class='ocrx_word' id='word_1_151' title='bbox 1380 1641 1489 1683; x_wconf 88' lang='lat' dir='ltr'>trahi</span> <span class='ocrx_word' id='word_1_152' title='bbox 1517 1647 1559 1683; x_wconf 90' lang='lat' dir='ltr'>et</span> <span class='ocrx_word' id='word_1_153' title='bbox 1587 1642 1795 1683; x_wconf 89' lang='lat' dir='ltr'>volvendo</span> 
     </span>
     <span class='ocr_line' id='line_1_19' title="bbox 343 1708 1795 1765; baseline 0.001 -16"><span class='ocrx_word' id='word_1_154' title='bbox 343 1708 494 1750; x_wconf 89' lang='lat' dir='ltr'>retrahi</span> <span class='ocrx_word' id='word_1_155' title='bbox 515 1709 661 1764; x_wconf 90' lang='lat' dir='ltr'>possit.</span> <span class='ocrx_word' id='word_1_156' title='bbox 725 1708 923 1751; x_wconf 87' lang='lat' dir='ltr'>Posthaec</span> <span class='ocrx_word' id='word_1_157' title='bbox 944 1710 1134 1751; x_wconf 89' lang='lat' dir='ltr'>mittatur</span> <span class='ocrx_word' id='word_1_158' title='bbox 1152 1710 1289 1765; x_wconf 92' lang='lat' dir='ltr'>ipsum</span> <span class='ocrx_word' id='word_1_159' title='bbox 1316 1709 1604 1751; x_wconf 90' lang='lat' dir='ltr'>molendinum</span> <span class='ocrx_word' id='word_1_160' title='bbox 1623 1709 1667 1750; x_wconf 91' lang='lat' dir='ltr'>in</span> <span class='ocrx_word' id='word_1_161' title='bbox 1687 1709 1795 1750; x_wconf 90' lang='lat' dir='ltr'>fora-</span> 
     </span>
     <span class='ocr_line' id='line_1_20' title="bbox 343 1777 1795 1833; baseline -0.001 -16"><span class='ocrx_word' id='word_1_162' title='bbox 343 1791 439 1818; x_wconf 90' lang='lat' dir='ltr'>men</span> <span class='ocrx_word' id='word_1_163' title='bbox 460 1791 584 1832; x_wconf 91' lang='lat' dir='ltr'>super</span> <span class='ocrx_word' id='word_1_164' title='bbox 616 1791 834 1818; x_wconf 90' lang='lat' dir='ltr'>scamnum</span> <span class='ocrx_word' id='word_1_165' title='bbox 856 1778 910 1818; x_wconf 90' lang='lat' dir='ltr'>ad</span> <span class='ocrx_word' id='word_1_166' title='bbox 931 1778 1013 1819; x_wconf 90' lang='lat' dir='ltr'>hoc</span> <span class='ocrx_word' id='word_1_167' title='bbox 1043 1783 1234 1833; x_wconf 86' lang='lat' dir='ltr'>aptatum</span> <span class='ocrx_word' id='word_1_168' title='bbox 1254 1777 1360 1819; x_wconf 89' lang='lat' dir='ltr'>inter</span> <span class='ocrx_word' id='word_1_169' title='bbox 1390 1777 1495 1818; x_wconf 87' lang='lat' dir='ltr'>duas</span> <span class='ocrx_word' id='word_1_170' title='bbox 1525 1777 1795 1818; x_wconf 89' lang='lat' dir='ltr'>columnellas</span> 
     </span>
     <span class='ocr_line' id='line_1_21' title="bbox 341 1844 1796 1901; baseline -0.001 -16"><span class='ocrx_word' id='word_1_171' title='bbox 341 1845 502 1901; x_wconf 87' lang='lat' dir='ltr'>ligneas</span> <span class='ocrx_word' id='word_1_172' title='bbox 535 1845 577 1885; x_wconf 92' lang='lat' dir='ltr'>in</span> <span class='ocrx_word' id='word_1_173' title='bbox 617 1844 708 1900; x_wconf 91' lang='lat' dir='ltr'>ipso</span> <span class='ocrx_word' id='word_1_174' title='bbox 739 1859 911 1886; x_wconf 90' lang='lat' dir='ltr'>scamno</span> <span class='ocrx_word' id='word_1_175' title='bbox 944 1846 1116 1887; x_wconf 87' lang='lat' dir='ltr'>firmiter</span> <span class='ocrx_word' id='word_1_176' title='bbox 1149 1846 1271 1896; x_wconf 90' lang='lat' dir='ltr'>fixas,</span> <span class='ocrx_word' id='word_1_177' title='bbox 1307 1860 1430 1901; x_wconf 86' lang='lat' dir='ltr'>super</span> <span class='ocrx_word' id='word_1_178' title='bbox 1459 1860 1564 1901; x_wconf 88' lang='lat' dir='ltr'>quas</span> <span class='ocrx_word' id='word_1_179' title='bbox 1599 1845 1655 1886; x_wconf 92' lang='lat' dir='ltr'>sit</span> <span class='ocrx_word' id='word_1_180' title='bbox 1683 1844 1796 1885; x_wconf 87' lang='lat' dir='ltr'>aliud</span> 
     </span>
     <span class='ocr_line' id='line_1_22' title="bbox 340 1906 1795 1969; baseline 0 -16"><span class='ocrx_word' id='word_1_181' title='bbox 340 1913 503 1969; x_wconf 87' lang='lat' dir='ltr'>lignum</span> <span class='ocrx_word' id='word_1_182' title='bbox 523 1912 583 1953; x_wconf 91' lang='lat' dir='ltr'>eis</span> <span class='ocrx_word' id='word_1_183' title='bbox 598 1911 815 1965; x_wconf 91' lang='lat' dir='ltr'>insertum,</span> <span class='ocrx_word' id='word_1_184' title='bbox 829 1906 944 1969; x_wconf 27' lang='lat' dir='ltr'>quod*</span> <span class='ocrx_word' id='word_1_185' title='bbox 963 1913 1097 1969; x_wconf 88' lang='lat' dir='ltr'>possit</span> <span class='ocrx_word' id='word_1_186' title='bbox 1118 1912 1212 1969; x_wconf 89' lang='lat' dir='ltr'>ejici</span> <span class='ocrx_word' id='word_1_187' title='bbox 1232 1919 1274 1954; x_wconf 88' lang='lat' dir='ltr'>et</span> <span class='ocrx_word' id='word_1_188' title='bbox 1294 1913 1451 1968; x_wconf 86' lang='lat' dir='ltr'>reponi,</span> <span class='ocrx_word' id='word_1_189' title='bbox 1465 1913 1509 1954; x_wconf 93' lang='lat' dir='ltr'>in</span> <span class='ocrx_word' id='word_1_190' title='bbox 1522 1913 1640 1969; x_wconf 86' lang='lat' dir='ltr'>cujus</span> <span class='ocrx_word' id='word_1_191' title='bbox 1657 1912 1795 1953; x_wconf 91' lang='lat' dir='ltr'>medio</span> 
     </span>
     <span class='ocr_line' id='line_1_23' title="bbox 346 1979 1794 2037; baseline 0 -17"><span class='ocrx_word' id='word_1_192' title='bbox 346 1980 518 2021; x_wconf 87' lang='lat' dir='ltr'>inferius</span> <span class='ocrx_word' id='word_1_193' title='bbox 560 1980 614 2021; x_wconf 89' lang='lat' dir='ltr'>sit</span> <span class='ocrx_word' id='word_1_194' title='bbox 653 1979 842 2021; x_wconf 87' lang='lat' dir='ltr'>foramen</span> <span class='ocrx_word' id='word_1_195' title='bbox 881 1981 924 2021; x_wconf 91' lang='lat' dir='ltr'>in</span> <span class='ocrx_word' id='word_1_196' title='bbox 963 1995 1048 2037; x_wconf 91' lang='lat' dir='ltr'>quo</span> <span class='ocrx_word' id='word_1_197' title='bbox 1086 1982 1277 2022; x_wconf 86' lang='lat' dir='ltr'>volvatur</span> <span class='ocrx_word' id='word_1_198' title='bbox 1317 1981 1515 2036; x_wconf 89' lang='lat' dir='ltr'>pistillum</span> <span class='ocrx_word' id='word_1_199' title='bbox 1555 1980 1794 2022; x_wconf 92' lang='lat' dir='ltr'>molendini.</span> 
     </span>
     <span class='ocr_line' id='line_1_24' title="bbox 346 2047 1796 2104; baseline 0.001 -17"><span class='ocrx_word' id='word_1_200' title='bbox 346 2047 425 2088; x_wconf 92' lang='lat' dir='ltr'>His</span> <span class='ocrx_word' id='word_1_201' title='bbox 444 2047 502 2088; x_wconf 91' lang='lat' dir='ltr'>ita</span> <span class='ocrx_word' id='word_1_202' title='bbox 522 2047 733 2103; x_wconf 88' lang='lat' dir='ltr'>dispositis</span> <span class='ocrx_word' id='word_1_203' title='bbox 754 2048 943 2089; x_wconf 90' lang='lat' dir='ltr'>mittatur</span> <span class='ocrx_word' id='word_1_204' title='bbox 973 2063 1121 2090; x_wconf 86' lang='lat' dir='ltr'>aurum</span> <span class='ocrx_word' id='word_1_205' title='bbox 1140 2049 1362 2104; x_wconf 88' lang='lat' dir='ltr'>diligenter</span> <span class='ocrx_word' id='word_1_206' title='bbox 1382 2054 1606 2104; x_wconf 91' lang='lat' dir='ltr'>purgatum</span> <span class='ocrx_word' id='word_1_207' title='bbox 1634 2048 1678 2088; x_wconf 92' lang='lat' dir='ltr'>in</span> <span class='ocrx_word' id='word_1_208' title='bbox 1706 2062 1796 2089; x_wconf 93' lang='lat' dir='ltr'>mo-</span> 
     </span>
     <span class='ocr_line' id='line_1_25' title="bbox 322 2114 1796 2172; baseline 0.001 -17"><span class='ocrx_word' id='word_1_209' title='bbox 322 2115 571 2167; x_wconf 80' lang='lat' dir='ltr'>lendinum,</span> <span class='ocrx_word' id='word_1_210' title='bbox 611 2114 756 2157; x_wconf 66' lang='lat' dir='ltr'>addita</span> <span class='ocrx_word' id='word_1_211' title='bbox 796 2116 964 2158; x_wconf 71' lang='lat' dir='ltr'>modica</span> <span class='ocrx_word' id='word_1_212' title='bbox 1003 2116 1127 2172; x_wconf 69' lang='lat' dir='ltr'>aqua,</span> <span class='ocrx_word' id='word_1_213' title='bbox 1169 2122 1211 2158; x_wconf 91' lang='lat' dir='ltr'>et</span> <span class='ocrx_word' id='word_1_214' title='bbox 1249 2116 1447 2172; x_wconf 89' lang='lat' dir='ltr'>imposito</span> <span class='ocrx_word' id='word_1_215' title='bbox 1487 2116 1641 2172; x_wconf 87' lang='lat' dir='ltr'>pistillo</span> <span class='ocrx_word' id='word_1_216' title='bbox 1671 2121 1796 2172; x_wconf 91' lang='lat' dir='ltr'>atque</span> 
     </span>
     <span class='ocr_line' id='line_1_26' title="bbox 345 2183 1795 2241; baseline 0 -18"><span class='ocrx_word' id='word_1_217' title='bbox 345 2183 544 2239; x_wconf 88' lang='lat' dir='ltr'>superiori</span> <span class='ocrx_word' id='word_1_218' title='bbox 560 2183 673 2239; x_wconf 87' lang='lat' dir='ltr'>ligno</span> <span class='ocrx_word' id='word_1_219' title='bbox 687 2188 882 2239; x_wconf 86' lang='lat' dir='ltr'>coaptato</span> <span class='ocrx_word' id='word_1_220' title='bbox 895 2183 1083 2226; x_wconf 89' lang='lat' dir='ltr'>trahatur</span> <span class='ocrx_word' id='word_1_221' title='bbox 1097 2184 1276 2241; x_wconf 89' lang='lat' dir='ltr'>corrigia</span> <span class='ocrx_word' id='word_1_222' title='bbox 1292 2190 1334 2226; x_wconf 88' lang='lat' dir='ltr'>et</span> <span class='ocrx_word' id='word_1_223' title='bbox 1346 2184 1500 2226; x_wconf 86' lang='lat' dir='ltr'>revolvi</span> <span class='ocrx_word' id='word_1_224' title='bbox 1521 2183 1795 2239; x_wconf 88' lang='lat' dir='ltr'>permittatur,</span> 
     </span>
     <span class='ocr_line' id='line_1_27' title="bbox 345 2250 1796 2308; baseline 0.002 -18"><span class='ocrx_word' id='word_1_225' title='bbox 345 2265 590 2306; x_wconf 84' lang='lat' dir='ltr'>rursumque</span> <span class='ocrx_word' id='word_1_226' title='bbox 610 2250 799 2291; x_wconf 88' lang='lat' dir='ltr'>trahatur</span> <span class='ocrx_word' id='word_1_227' title='bbox 818 2257 860 2292; x_wconf 88' lang='lat' dir='ltr'>et</span> <span class='ocrx_word' id='word_1_228' title='bbox 879 2252 1029 2293; x_wconf 91' lang='lat' dir='ltr'>iterum</span> <span class='ocrx_word' id='word_1_229' title='bbox 1059 2252 1308 2303; x_wconf 85' lang='lat' dir='ltr'>revolvatur,</span> <span class='ocrx_word' id='word_1_230' title='bbox 1330 2252 1473 2308; x_wconf 92' lang='lat' dir='ltr'>sicque</span> <span class='ocrx_word' id='word_1_231' title='bbox 1502 2252 1578 2292; x_wconf 87' lang='lat' dir='ltr'>fiat</span> <span class='ocrx_word' id='word_1_232' title='bbox 1597 2266 1671 2307; x_wconf 92' lang='lat' dir='ltr'>per</span> <span class='ocrx_word' id='word_1_233' title='bbox 1690 2252 1796 2293; x_wconf 89' lang='lat' dir='ltr'>duas</span> 
     </span>
     <span class='ocr_line' id='line_1_28' title="bbox 343 2308 1797 2375; baseline 0.002 -18"><span class='ocrx_word' id='word_1_234' title='bbox 343 2318 409 2358; x_wconf 92' lang='lat' dir='ltr'>vel</span> <span class='ocrx_word' id='word_1_235' title='bbox 430 2332 502 2372; x_wconf 90' lang='lat' dir='ltr'>per</span> <span class='ocrx_word' id='word_1_236' title='bbox 521 2323 605 2358; x_wconf 86' lang='lat' dir='ltr'>tres</span> <span class='ocrx_word' id='word_1_237' title='bbox 620 2317 759 2358; x_wconf 88' lang='lat' dir='ltr'>horas.</span> <span class='ocrx_word' id='word_1_238' title='bbox 798 2308 937 2360; x_wconf 20' lang='lat' dir='ltr'>*Tunc</span> <span class='ocrx_word' id='word_1_239' title='bbox 969 2319 1158 2375; x_wconf 89' lang='lat' dir='ltr'>superius</span> <span class='ocrx_word' id='word_1_240' title='bbox 1179 2319 1341 2375; x_wconf 88' lang='lat' dir='ltr'>lignum</span> <span class='ocrx_word' id='word_1_241' title='bbox 1372 2319 1572 2375; x_wconf 89' lang='lat' dir='ltr'>ejiciatur,</span> <span class='ocrx_word' id='word_1_242' title='bbox 1595 2325 1637 2359; x_wconf 93' lang='lat' dir='ltr'>et</span> <span class='ocrx_word' id='word_1_243' title='bbox 1665 2319 1797 2374; x_wconf 91' lang='lat' dir='ltr'>pistil-</span> 
     </span>
     <span class='ocr_line' id='line_1_29' title="bbox 341 2385 1796 2442; baseline 0.002 -17"><span class='ocrx_word' id='word_1_244' title='bbox 341 2385 431 2425; x_wconf 91' lang='lat' dir='ltr'>lum</span> <span class='ocrx_word' id='word_1_245' title='bbox 446 2385 490 2425; x_wconf 91' lang='lat' dir='ltr'>in</span> <span class='ocrx_word' id='word_1_246' title='bbox 505 2385 653 2426; x_wconf 92' lang='lat' dir='ltr'>eadem</span> <span class='ocrx_word' id='word_1_247' title='bbox 667 2398 777 2441; x_wconf 91' lang='lat' dir='ltr'>aqua</span> <span class='ocrx_word' id='word_1_248' title='bbox 792 2400 888 2426; x_wconf 91' lang='lat' dir='ltr'>cum</span> <span class='ocrx_word' id='word_1_249' title='bbox 903 2387 1080 2442; x_wconf 91' lang='lat' dir='ltr'>pincello</span> <span class='ocrx_word' id='word_1_250' title='bbox 1092 2387 1264 2428; x_wconf 88' lang='lat' dir='ltr'>lavetur.</span> <span class='ocrx_word' id='word_1_251' title='bbox 1327 2387 1493 2427; x_wconf 91' lang='lat' dir='ltr'>Deinde</span> <span class='ocrx_word' id='word_1_252' title='bbox 1509 2386 1796 2428; x_wconf 90' lang='lat' dir='ltr'>molendinum</span> 
     </span>
     <span class='ocr_line' id='line_1_30' title="bbox 345 2453 1796 2510; baseline 0.001 -18"><span class='ocrx_word' id='word_1_253' title='bbox 345 2453 541 2503; x_wconf 91' lang='lat' dir='ltr'>elevetur,</span> <span class='ocrx_word' id='word_1_254' title='bbox 562 2458 620 2493; x_wconf 91' lang='lat' dir='ltr'>et.</span> <span class='ocrx_word' id='word_1_255' title='bbox 637 2467 783 2493; x_wconf 87' lang='lat' dir='ltr'>aurum</span> <span class='ocrx_word' id='word_1_256' title='bbox 811 2468 907 2494; x_wconf 90' lang='lat' dir='ltr'>cum</span> <span class='ocrx_word' id='word_1_257' title='bbox 923 2468 1034 2510; x_wconf 88' lang='lat' dir='ltr'>aqua</span> <span class='ocrx_word' id='word_1_258' title='bbox 1053 2469 1185 2510; x_wconf 92' lang='lat' dir='ltr'>usque</span> <span class='ocrx_word' id='word_1_259' title='bbox 1220 2454 1274 2495; x_wconf 87' lang='lat' dir='ltr'>ad</span> <span class='ocrx_word' id='word_1_260' title='bbox 1291 2454 1468 2495; x_wconf 88' lang='lat' dir='ltr'>fundum</span> <span class='ocrx_word' id='word_1_261' title='bbox 1499 2468 1595 2495; x_wconf 91' lang='lat' dir='ltr'>cum</span> <span class='ocrx_word' id='word_1_262' title='bbox 1616 2454 1796 2510; x_wconf 87' lang='lat' dir='ltr'>pincello</span> 
     </span>
     <span class='ocr_line' id='line_1_31' title="bbox 346 2516 1795 2578; baseline 0.001 -18"><span class='ocrx_word' id='word_1_263' title='bbox 346 2524 562 2560; x_wconf 83' lang='lat' dir='ltr'>moveatur</span> <span class='ocrx_word' id='word_1_264' title='bbox 583 2525 624 2561; x_wconf 93' lang='lat' dir='ltr'>et</span> <span class='ocrx_word' id='word_1_265' title='bbox 640 2519 803 2561; x_wconf 87' lang='lat' dir='ltr'>modice</span> <span class='ocrx_word' id='word_1_266' title='bbox 823 2526 1026 2572; x_wconf 86' lang='lat' dir='ltr'>teneatur,</span> <span class='ocrx_word' id='word_1_267' title='bbox 1039 2516 1174 2562; x_wconf 88' lang='lat' dir='ltr'>donec</span> <span class='ocrx_word' id='word_1_268' title='bbox 1187 2521 1301 2578; x_wconf 90' lang='lat' dir='ltr'>quod</span> <span class='ocrx_word' id='word_1_269' title='bbox 1315 2521 1499 2577; x_wconf 89' lang='lat' dir='ltr'>grossius</span> <span class='ocrx_word' id='word_1_270' title='bbox 1513 2526 1576 2562; x_wconf 90' lang='lat' dir='ltr'>est</span> <span class='ocrx_word' id='word_1_271' title='bbox 1591 2520 1795 2573; x_wconf 78' lang='lat' dir='ltr'>resideat3</span> 
     </span>
     <span class='ocr_line' id='line_1_32' title="bbox 345 2587 1797 2643; baseline 0.001 -16"><span class='ocrx_word' id='word_1_272' title='bbox 345 2601 529 2643; x_wconf 83' lang='lat' dir='ltr'>moxque</span> <span class='ocrx_word' id='word_1_273' title='bbox 549 2601 660 2643; x_wconf 90' lang='lat' dir='ltr'>aqua</span> <span class='ocrx_word' id='word_1_274' title='bbox 680 2587 723 2628; x_wconf 90' lang='lat' dir='ltr'>in</span> <span class='ocrx_word' id='word_1_275' title='bbox 753 2588 1070 2636; x_wconf 85' lang='lat' dir='ltr'>mundissimam</span> <span class='ocrx_word' id='word_1_276' title='bbox 1090 2589 1312 2630; x_wconf 90' lang='lat' dir='ltr'>baccinam</span> <span class='ocrx_word' id='word_1_277' title='bbox 1337 2587 1589 2640; x_wconf 86' lang='lat' dir='ltr'>effundatur,</span> <span class='ocrx_word' id='word_1_278' title='bbox 1610 2594 1652 2629; x_wconf 90' lang='lat' dir='ltr'>et</span> <span class='ocrx_word' id='word_1_279' title='bbox 1679 2587 1797 2643; x_wconf 91' lang='lat' dir='ltr'>quic-</span> 
     </span>
     <span class='ocr_line' id='line_1_33' title="bbox 346 2654 1797 2712; baseline 0.001 -18"><span class='ocrx_word' id='word_1_280' title='bbox 346 2654 445 2709; x_wconf 86' lang='lat' dir='ltr'>quid</span> <span class='ocrx_word' id='word_1_281' title='bbox 475 2655 563 2695; x_wconf 92' lang='lat' dir='ltr'>auri</span> <span class='ocrx_word' id='word_1_282' title='bbox 596 2671 692 2696; x_wconf 90' lang='lat' dir='ltr'>cum</span> <span class='ocrx_word' id='word_1_283' title='bbox 727 2671 838 2712; x_wconf 84' lang='lat' dir='ltr'>aqua</span> <span class='ocrx_word' id='word_1_284' title='bbox 870 2656 1030 2708; x_wconf 88' lang='lat' dir='ltr'>exierit,</span> <span class='ocrx_word' id='word_1_285' title='bbox 1056 2657 1246 2698; x_wconf 90' lang='lat' dir='ltr'>molitum</span> <span class='ocrx_word' id='word_1_286' title='bbox 1282 2662 1359 2697; x_wconf 86' lang='lat' dir='ltr'>est.</span> <span class='ocrx_word' id='word_1_287' title='bbox 1420 2656 1689 2712; x_wconf 88' lang='lat' dir='ltr'>Rursumque</span> <span class='ocrx_word' id='word_1_288' title='bbox 1719 2655 1797 2696; x_wconf 88' lang='lat' dir='ltr'>im-</span> 
     </span>
     <span class='ocr_line' id='line_1_34' title="bbox 348 2721 1796 2780; baseline 0.002 -19"><span class='ocrx_word' id='word_1_289' title='bbox 348 2721 484 2776; x_wconf 68' lang='lat' dir='ltr'>posita</span> <span class='ocrx_word' id='word_1_290' title='bbox 524 2724 650 2779; x_wconf 65' lang='lat' dir='ltr'>aqua,</span> <span class='ocrx_word' id='word_1_291' title='bbox 686 2724 957 2780; x_wconf 88' lang='lat' dir='ltr'>repositisque</span> <span class='ocrx_word' id='word_1_292' title='bbox 1000 2724 1152 2780; x_wconf 90' lang='lat' dir='ltr'>pistillo</span> <span class='ocrx_word' id='word_1_293' title='bbox 1192 2730 1234 2765; x_wconf 91' lang='lat' dir='ltr'>et</span> <span class='ocrx_word' id='word_1_294' title='bbox 1273 2739 1436 2765; x_wconf 88' lang='lat' dir='ltr'>sursum</span> <span class='ocrx_word' id='word_1_295' title='bbox 1477 2724 1607 2779; x_wconf 86' lang='lat' dir='ltr'>lignO,</span> <span class='ocrx_word' id='word_1_296' title='bbox 1648 2724 1796 2764; x_wconf 87' lang='lat' dir='ltr'>iterum</span> 
     </span>
    </p>
   </div>
   <div class='ocr_carea' id='block_1_5' title="bbox 1891 1349 1970 3202">
    <p class='ocr_par' dir='ltr' id='par_1_5' title="bbox 1891 1349 1970 3202">
     <span class='ocr_line' id='line_1_35' title="bbox 1891 1349 1970 3202; baseline 0 0"><span class='ocrx_word' id='word_1_297' title='bbox 1891 1349 1970 3202; x_wconf 95' lang='lat' dir='ltr'> </span> 
     </span>
    </p>
   </div>
  </div>
 </body>
</html>
