1970 3202
346 267 437 308 294
812 280 1067 317 THEOPHILI
1099 281 1238 310 mmm
1268 282 1337 311 111.

345 379 469 420 breve
499 384 541 420 et
568 394 755 433 curvum,
787 382 872 423 sive
904 382 1078 438 lignum,
1110 398 1205 424 cum
1238 398 1324 439 quo
1354 382 1486 438 possit
1515 382 1793 426 circumverti.

348 446 514 489 Deinde
554 448 731 490 habebis
770 450 875 491 duas
915 451 1184 492 columnellas
1223 450 1385 506 ligneas
1421 464 1543 505 super
1577 464 1795 492 scamnum

345 515 452 556 fixas
469 520 511 556 et
526 515 579 556 ab
592 515 770 557 invicem
788 517 999 573 sejunctas
1013 519 1242 560 secundum
1257 518 1559 574 longitudinem
1576 517 1685 569 ferri,
1702 532 1795 573 quae

345 583 520 639 singulae
549 583 735 625 habeant
763 584 806 626 in
836 586 1034 627 anteriori
1065 592 1182 642 parte
1218 585 1405 642 singulos
1438 586 1579 628 clavos
1611 585 1796 627 similiter

342 649 517 705 ligneos,
539 650 593 692 ad
615 665 854 693 mensuram
884 653 1010 708 palmi
1042 654 1208 710 longos,
1229 659 1271 696 et
1295 654 1349 696 ad
1370 653 1680 696 similitudinem
1701 667 1797 709 gra-

343 717 422 758 dus
450 718 628 770 incisos3
660 733 784 774 super
813 734 919 775 quos
950 726 1129 775 ponatur
1154 721 1317 777 lignum
1348 722 1459 763 aliud
1479 721 1718 772 rotundum,
1738 720 1796 761 ita

343 791 390 827 ut
407 786 540 842 possit
568 787 738 842 propius
768 793 810 828 et
838 787 1004 842 longius
1034 788 1249 840 removeri,
1277 803 1402 844 super
1431 788 1544 844 quod
1565 787 1797 843 requiescat

342 868 491 895 manus
512 854 731 896 tornantis.
782 853 863 895 His
883 854 941 896 ita
962 855 1205 911 compositis
1226 855 1332 896 inter
1351 855 1463 911 ipsas
1483 855 1588 896 duas
1609 855 1796 910 colump-

340 922 474 963 nellas
493 936 603 978 pone
633 921 788 963 ferrum
809 922 1015 974 tornatile,
1047 923 1159 979 quod
1181 923 1352 964 nucleos
1373 922 1570 974 continet,
1591 928 1633 964 et
1653 936 1795 964 coram

339 995 381 1030 te
402 989 457 1030 ad
477 990 625 1031 laevam
646 1003 819 1031 manum
852 989 1025 1031 sedente
1049 990 1253 1046 adjutore,
1275 990 1347 1046 qui
1368 989 1658 1032 circumvertat
1678 989 1795 1042 illud,

339 1057 526 1099 tornabis
562 1057 679 1099 ferris
710 1057 843 1100 acutis
878 1063 921 1099 et
956 1057 1172 1099 latioribus
1203 1071 1255 1098 ex
1286 1056 1410 1098 omni·
1430 1061 1548 1111 parte
1577 1070 1711 1112 usque
1741 1056 1796 1097 ad

338 1125 632 1182 aequalitatem,
654 1126 799 1183 sicque
830 1125 1030 1167 formabis
1060 1125 1231 1167 nucleos
1252 1124 1347 1166 illos
1367 1129 1415 1165 ut
1435 1123 1515 1165 sibi
1536 1124 1797 1180 conjungan-

338 1197 405 1232 tur
439 1192 587 1248 aequali
626 1192 844 1234 latitudine
879 1199 922 1234 et
961 1192 1230 1248 spissitudine
1270 1193 1313 1233 in
1352 1192 1504 1234 medio.
1567 1192 1796 1233 Intercides

337 1273 435 1300 vero
465 1259 701 1301 inferiorem
732 1265 895 1316 partem
925 1274 951 1301 a
980 1260 1204 1302 medietate
1232 1260 1417 1311 inferius,
1446 1260 1518 1311 ita,
1549 1265 1597 1300 ut
1617 1259 1795 1300 latitudo

337 1327 523 1383 superior
540 1327 703 1369 duabus
731 1328 934 1370 mensuris
964 1327 1201 1370 inferiorem
1228 1333 1408 1384 superet,
1428 1327 1471 1368 in
1492 1341 1576 1383 qua
1595 1326 1796 1369 formabis

337 1400 380 1436 et
410 1395 575 1451 pedem.
638 1394 803 1437 Eadem
842 1410 1010 1452 quoque
1052 1396 1248 1439 mensura
1282 1395 1504 1438 intercides
1539 1395 1794 1451 superiorem
1841 1411 1846 1416 ·

335 1468 511 1519 partem,
542 1464 662 1520 cujus
692 1469 835 1505 tamen
867 1464 1042 1505 altitudo
1072 1469 1191 1505 tanta
1220 1464 1309 1516 erit,
1340 1469 1388 1505 ut
1417 1463 1707 1506 intercidatur¹
1739 1466 1794 1506 ad

337 1531 646 1573 similitudinem
668 1531 797 1588 lignei
826 1531 1095 1587 campanarii,
1123 1531 1182 1573 ita
1212 1538 1258 1574 ut
1288 1531 1486 1588 quaelibet
1503 1531 1686 1573 incisura
1704 1547 1794 1574 sur-

337 1614 430 1640 sum
460 1599 596 1655 magis
626 1599 792 1656 gracilis
823 1599 888 1641 sit.
950 1599 1031 1641 His
1056 1600 1115 1641 ita
1142 1600 1316 1642 tornatis
1338 1600 1425 1642 eice
1446 1600 1614 1652 ferrum,
1635 1605 1678 1641 et
1697 1613 1793 1643 cum

333 1666 500 1708 cultello
520 1667 657 1709 incide
677 1667 720 1708 in
740 1667 878 1709 latiori
899 1666 1028 1709 limbo
1050 1667 1273 1724 superioris
1298 1668 1434 1709 nuclei
1455 1673 1636 1724 quatuor
1656 1682 1791 1723 angu-

333 1737 396 1777 los
416 1750 547 1792 usque
578 1736 632 1777 ad
662 1735 901 1788 incisuram,
932 1749 1028 1792 quae
1059 1735 1097 1776 ei
1126 1735 1318 1791 proxima
1348 1740 1425 1787 est,
1445 1736 1506 1776 ita
1528 1740 1574 1776 ut
1594 1735 1637 1775 in
1658 1735 1793 1776 crucis

335 1804 508 1845 modum
530 1804 742 1856 formetur,
764 1810 806 1845 et
825 1803 1156 1860 unumquodque
1172 1817 1301 1844 cornu
1321 1803 1503 1860 aequales
1524 1802 1681 1844 habeat
1701 1802 1794 1843 lati-

333 1871 498 1913 tudines
528 1872 570 1912 in
600 1871 842 1928 parietibus,
873 1870 948 1912 sed
985 1870 1202 1912 altitudine
1237 1870 1451 1912 contineat
1481 1884 1720 1911 mensuram
1753 1876 1795 1911 et

335 1938 552 1981 dimidiam
581 1939 836 1991 latitudinis3
873 1938 917 1979 in
947 1952 1032 1995 qua
1061 1938 1188 1979 etiam
1218 1938 1444 1994 pinnacula
1474 1937 1528 1978 ad
1559 1937 1793 1978 similitudi-

334 2021 432 2048 nem
470 2012 678 2049 tectorum
719 2005 933 2047 formabis
998 2004 1146 2047 Facies
1185 2020 1354 2062 quoque
1389 2005 1432 2045 in
1468 2004 1660 2060 proxima
1693 2004 1794 2045 turri

334 2080 431 2116 octo
452 2080 604 2126 costas,
626 2078 807 2131 quatuor
825 2074 1008 2125 latiores,
1030 2079 1072 2115 et
1091 2079 1275 2130 quatuor
1295 2072 1520 2114 strictiores
1541 2086 1646 2128 quas
1667 2072 1791 2136 etiam

328 2143 538 2185 'rotundas
559 2142 703 2192 facies,
724 2141 782 2182 ita
811 2147 859 2182 ut
888 2141 1031 2197 anguli
1060 2141 1255 2183 latiorum
1279 2141 1557 2196 promineant,
1579 2146 1621 2181 et
1640 2140 1793 2181 stricti-

335 2226 454 2253 orum
486 2210 578 2253 cavi
612 2210 709 2260 sint,
744 2214 792 2250 ut
828 2209 888 2250 sic
928 2209 1162 2251 rotunditas
1196 2213 1423 2265 appareat;
1462 2208 1506 2249 in
1546 2207 1697 2264 quibus
1737 2208 1791 2249 ad

334 2290 572 2323 mensuram
601 2280 712 2317 tecta
742 2276 1034 2318 convenientia
1054 2275 1272 2318 formabis.
1332 2275 1506 2317 Turrem
1526 2290 1624 2317 vero
1645 2276 1792 2331 penul-

333 2344 480 2386 timam
501 2342 651 2385 eodem
678 2342 806 2384 modo
835 2342 1050 2395 formabis,
1072 2343 1180 2385 sicut
1209 2349 1351 2385 tamen
1374 2349 1425 2385 ut
1452 2343 1643 2386 rotundae
1663 2347 1791 2384 costae

336 2425 460 2468 super
478 2409 683 2451 inferioris
713 2409 819 2451 latas
850 2409 1093 2463 formentur,
1122 2417 1164 2453 et
1182 2411 1388 2453 inferioris
1409 2410 1599 2452 rotundae
1619 2409 1697 2450 sub
1719 2423 1790 2450 su-

335 2479 543 2535 periorum
581 2477 677 2518 latis
712 2482 921 2532 aptentur.
992 2477 1189 2534 Superior
1224 2493 1322 2520 vero
1362 2479 1486 2520 turris
1526 2482 1621 2519 octo
1662 2477 1790 2518 costis

333 2546 547 2603 aequaliter
575 2543 670 2587 latis
699 2549 742 2586 et
771 2544 931 2600 absque
961 2545 1082 2587 tectis
1103 2546 1317 2588 formetur.
1380 2545 1484 2587 Haec
1507 2545 1584 2587 erit
1603 2545 1791 2600 superior

332 2628 429 2671 pars
449 2613 630 2656 turibuli.

726 2731 734 2751 ¹
758 2732 836 2762 “ter
847 2731 864 2744 ”
880 2732 917 2762 in
934 2731 1008 2763 C'od.
1027 2732 1157 2773 Guelph.
1174 2732 1398 2774 interponitur.

1939 3095 1947 3116 ..a
1939 3065 1953 3090 9-
