1970 3202
290 301 345 340 20
770 313 1021 341 'rnssopmm
1056 313 1190 340 Lmen
1225 314 1254 340 1.

284 412 427 453 addito
447 412 613 453 modico
644 412 763 468 nigro
794 418 836 454 et
866 427 1004 454 succo.
1067 413 1165 461 Quo
1195 412 1333 453 colore
1362 411 1589 467 pinguntur
1608 412 1734 454 etiam

281 485 389 520 terra
410 484 451 521 et
470 485 647 521 montes.
700 480 826 522 Fiunt
846 480 971 521 etiam
991 485 1100 521 terra
1121 485 1163 521 et
1184 484 1347 520 montes
1369 493 1421 520 ex
1437 479 1556 520 viridi
1576 485 1618 520 et
1638 480 1737 520 albo

282 547 371 588 sine
391 561 531 599 succo,
551 547 610 588 ita
630 554 677 588 ut
698 547 865 588 interius
888 548 941 588 sit
960 547 1174 602 pallidum,
1197 547 1377 588 exterius
1405 546 1546 588 trahat
1565 546 1736 587 umbras

283 615 436 656 mixtas
457 630 552 656 cum
578 615 743 656 modico
771 615 903 671 nigro.
967 614 1128 656 Omnes
1160 615 1336 663 colores,
1359 614 1430 670 qui
1461 614 1552 654 aliis
1582 627 1737 669 suppo-

282 688 438 723 nuntur
467 683 510 723 in
540 697 673 733 muro,
706 683 820 723 calce
850 682 1102 723 misceantur
1135 687 1304 738 propter
1334 681 1588 722 firmitatem.
1649 679 1737 721 Sub

282 751 395 790 lazur
423 755 466 791 et
495 750 654 791 manisc
685 756 726 791 et
756 750 834 791 sub
862 750 981 791 viridi
1007 755 1186 805 ponatur
1215 749 1400 801 veneda;
1432 749 1510 790 sub
1540 747 1739 789 cenobrio

283 817 456 858 rubeum
473 834 484 869 3
516 818 594 858 sub
616 832 719 873 ogra
741 823 782 858 et
803 817 901 858 folio
921 817 1049 858 iidem
1069 817 1229 858 colores
1245 817 1360 857 calce
1383 815 1515 856 mixti.

690 1180 996 1244 CAPUT
1074 1179 1307 1242 XVII.

306 1339 366 1365 DE
397 1337 589 1365 TABULIS
620 1337 857 1366 ALTARIUM
891 1338 946 1365 ΕΤ
977 1337 1224 1374 OSTIORUM,
1258 1336 1313 1363 ET
1345 1335 1545 1363 GLUTINE
1576 1334 1719 1363 CASEI.

385 1445 607 1488 ABULAE
641 1447 831 1488 altarium
867 1446 953 1488 sive
990 1447 1190 1488 ostiorum
1234 1446 1414 1502 primum
1459 1445 1739 1500 particulatim

402 1515 713 1570 conjungantur
727 1515 938 1571 junctorio
965 1515 1257 1566 instrumento,
1278 1529 1361 1570 quo
1383 1508 1558 1554 utuntur
1578 1513 1740 1568 doliarii

284 1582 371 1623 sive
400 1581 584 1623 tornarii.
647 1582 813 1623 Deinde
844 1588 1151 1637 componantur
1182 1581 1341 1637 glutine
1371 1581 1496 1632 casei,
1517 1581 1631 1637 quod
1659 1581 1742 1622 hoc

285 1650 414 1691 modo
435 1650 496 1690 fit.
567 1649 728 1691 Caseus
756 1649 891 1690 mollis
920 1649 1158 1690 minutatim
1184 1648 1389 1689 incidatur
1410 1653 1452 1688 et
1472 1662 1583 1704 aqua
1603 1648 1741 1689 calida

285 1718 328 1758 in
349 1717 588 1759 mortariolo
615 1732 711 1758 cum
732 1717 816 1773 pila
836 1716 997 1758 tamdiu
1025 1717 1200 1767 lavetur,
1222 1715 1358 1757 donec
1372 1714 1384 1735 ¹
1407 1715 1646 1756 multotiens
1676 1715 1740 1756 in-

287 1785 381 1826 fusa
407 1799 512 1840 pura
531 1784 628 1826 inde
659 1790 792 1826 exeat.
855 1784 1023 1825 Deinde
1042 1784 1154 1825 idem
1184 1797 1331 1824 caseus
1352 1788 1591 1823 attenuatus
1613 1797 1741 1824 manu

288 1851 475 1892 mittatur
505 1851 549 1892 in
587 1851 782 1907 frigidam
818 1866 973 1908 aquam
1008 1851 1143 1892 donec
1178 1851 1433 1892 indurescat.
1510 1849 1618 1891 Post
1651 1850 1741 1893 haec

285 1924 442 1959 teratur
481 1919 758 1960 minutissime
794 1934 919 1975 super
960 1919 1143 1975 ligneam
1179 1919 1365 1960 tabulam
1406 1919 1609 1975 aequalem
1645 1934 1741 1960 cum

287 1985 416 2026 altero
450 1985 578 2041 ligno,
611 1986 752 2042 sicque
788 2000 951 2027 rursum
988 1986 1175 2027 mittatur
1209 1986 1252 2026 in
1287 1986 1531 2027 mortarium
1567 1992 1609 2027 et
1644 2002 1740 2028 cum

283 2051 367 2106 pila
397 2051 617 2108 diligenter
645 2053 849 2094 tundatur
879 2053 1023 2094 addita
1053 2067 1163 2109 aqua
1193 2067 1288 2094 cum
1319 2053 1415 2094 viva
1451 2054 1564 2095 calce
1594 2054 1741 2106 mixta,

289 2118 423 2159 donec
454 2119 512 2160 sic
543 2120 722 2176 spissum
753 2121 841 2173 fiat,
872 2127 920 2162 ut
950 2126 1047 2163 sunt
1077 2121 1200 2162 feces.
1276 2120 1372 2162 Hoc
1403 2122 1561 2177 glutine
1590 2123 1742 2165 tabulae

288 2186 467 2226 altarum
488 2187 794 2244 conpaginatae,
808 2193 1033 2244 postquam
1055 2189 1276 2240 siccantur,
1290 2188 1348 2229 ita
1363 2188 1441 2230 sibi
1455 2189 1684 2241 adhaerent,
1696 2195 1743 2231 ut

287 2266 366 2293 nec
386 2252 561 2294 humore
581 2269 659 2296 nec
680 2255 818 2310 calore
838 2255 1022 2311 disjungi
1046 2256 1221 2312 possint.
1285 2256 1567 2298 Postmodum
1588 2258 1742 2314 aequari

287 2319 443 2361 debent
481 2321 715 2376 planatorio
756 2323 877 2374 ferro,
911 2323 1026 2379 quod
1066 2336 1241 2363 curvum
1280 2327 1322 2363 et
1359 2322 1531 2364 interius
1571 2331 1741 2366 acutum

287 2387 416 2428 habet
452 2387 537 2429 duo
569 2390 801 2441 manubria,
832 2395 881 2431 ut
926 2404 978 2431 ex
1020 2395 1197 2445 utraque
1237 2404 1365 2430 manu
1397 2390 1599 2442 trahatur,
1631 2392 1741 2432 unde

286 2455 490 2496 raduntur
521 2456 641 2508 ostia,
675 2462 718 2497 et
749 2462 881 2509 scuta,
915 2457 1050 2498 donec
1084 2456 1255 2498 omnino
1290 2456 1395 2497 fiant
1433 2457 1572 2512 plana.
1634 2457 1741 2499 Inde

285 2523 577 2579 cooperiantur
606 2524 735 2566 crudo
765 2525 882 2566 corio
909 2524 1017 2581 equi,
1038 2524 1103 2565 vel
1123 2523 1242 2575 asini,
1264 2523 1377 2579 quod
1399 2537 1510 2580 aqua
1529 2523 1741 2566 madefac-

284 2596 388 2642 tum,
424 2591 567 2632 statim
606 2597 653 2632 ut
691 2592 764 2647 pili
804 2592 956 2633 fuerint
995 2590 1116 2642 erasi,
1151 2604 1261 2646 aqua
1301 2589 1561 2645 aliquantum
1600 2596 1739 2632 extor—

284 2663 472 2714 queatur,
494 2664 536 2699 et
555 2659 613 2701 ita
632 2659 851 2700 humidum
871 2674 966 2701 cum
988 2658 1145 2715 glutine
1167 2657 1277 2699 casei
1297 2663 1615 2713 superponatur.

631 2782 640 2801 ¹
656 2793 748 2823 aqua,
760 2784 798 2814 in
813 2784 924 2815 caeteris
938 2784 1078 2814 omnibus
1094 2784 1195 2814 MSS.
1209 2783 1354 2813 additur.
