1970 3202
484 758 877 820 INCIPIT
966 757 1495 820 PROLOGUS

610 1041 891 1098 LIBRUM
972 1044 1379 1100 SECUNDUM.

336 1345 378 1390 N
407 1348 685 1406 praecedenti
713 1347 883 1400 libello,
918 1348 1060 1393 frater
1087 1348 1339 1401 karissime,
1363 1349 1553 1393 sinoerae
1577 1347 1718 1393 dilec-

389 1424 526 1469 tionis
560 1423 732 1469 affectu
765 1439 857 1469 non
889 1439 965 1469 me
997 1425 1147 1485 piguit
1182 1431 1275 1470 tuae
1305 1424 1448 1469 indoli
1473 1425 1715 1477 insinuare,

265 1500 427 1560 quanti
469 1500 653 1546 honoris
696 1502 982 1561 quantuique
1016 1501 1312 1562 perfectionis
1347 1501 1419 1554 sit,
1455 1502 1604 1546 otium
1639 1501 1718 1546 de-

266 1576 449 1630 clinare,
467 1582 516 1622 et
530 1577 748 1623 inertiam
763 1578 1080 1638 desidiamque
1098 1577 1277 1624 calcare
1292 1593 1303 1632 ;
1333 1592 1564 1638 quamque
1582 1577 1718 1624 dulce

265 1668 319 1698 ac
349 1652 638 1707 delectabile,
667 1655 949 1700 diversarum
979 1655 1238 1700 utilitatum
1274 1655 1507 1700 exercitiis
1530 1670 1718 1715 operam

265 1730 387 1782 dare,
415 1730 558 1790 juxta
580 1746 742 1777 vocem
766 1732 959 1777 oratoris
983 1732 1220 1792 eujusdam
1246 1732 1467 1777 dicentis:

413 1843 435 1860 “
449 1838 556 1876 Scire
575 1838 723 1889 aliquid
741 1839 825 1877 laus
845 1848 926 1885 est3
958 1839 1073 1890 culpa
1090 1848 1161 1885 est,
1183 1839 1234 1876 nil
1254 1839 1404 1877 discere
1424 1838 1560 1876 velle.’'

265 1938 365 1984 Neo
400 1939 649 1999 pigritetur
676 1940 916 1999 quispiam,
943 1954 1063 1992 eum,
1088 1940 1147 1985 de
1170 1954 1261 1999 quo
1286 1938 1507 1984 Salomon
1538 1939 1616 1991 ait,
1641 1938 1720 1999 qui

264 2014 393 2061 addit
425 2015 669 2068 scientiam,
706 2015 834 2062 addit
872 2021 914 2062 et
946 2014 1150 2069 laborem,
1185 2016 1559 2076 apprehendere3
1600 2016 1719 2075 quia,

263 2096 464 2150 quantus
505 2106 565 2136 ex
597 2107 653 2137 eo
684 2093 906 2152 procedat
940 2093 1104 2138 animae
1140 2093 1435 2154 corporisque
1473 2092 1719 2152 profectus,

264 2158 461 2228 diligens
483 2168 736 2214 meditator
759 2170 933 2229 poterit
960 2169 1215 2215 advertere.
1286 2169 1407 2215 Nam
1430 2169 1536 2214 luce
1554 2168 1720 2215 elarius

266 2249 476 2298 constat3
517 2245 637 2304 quia,
667 2245 872 2307 quisquis
907 2247 1002 2291 otio
1037 2246 1196 2292 studet
1230 2261 1284 2291 ac
1323 2245 1517 2299 levitati,
1553 2245 1721 2291 fabulis

264 2336 448 2380 quoque
472 2322 766 2381 supervacuis
800 2337 987 2382 operam
1023 2323 1116 2376 dat,
1141 2338 1201 2368 ex
1229 2321 1509 2375 scurrilitati,
1534 2322 1721 2367 curiosi-

264 2397 365 2450 tati,
389 2397 630 2457 potationi‚
663 2398 892 2452 ebrietati,
927 2399 1050 2452 rixae,
1078 2413 1257 2459 pugnae,
1292 2398 1553 2450 homicidio,
1585 2397 1721 2443 luxu-

264 2473 353 2527 riae,
395 2473 542 2526 furtis,
583 2474 846 2535 sacrilegiis,
883 2475 1094 2535 perjuriis
1130 2481 1178 2520 et
1222 2475 1399 2520 oaeteris
1443 2474 1719 2534 hujusmodi,

264 2565 365 2610 quae
388 2551 616 2596 contraria
639 2557 748 2597 sunt
771 2551 916 2597 oculis
952 2550 1043 2598 Dei
1076 2552 1364 2612 respicientis
1398 2566 1537 2610 super
1570 2551 1720 2595 humi-

264 2627 358 2672 lem
395 2633 445 2674 et
485 2628 696 2688 quietum
734 2635 783 2674 et
823 2634 1095 2689 operantem
1130 2629 1178 2673 in
1218 2627 1403 2674 silentio
1444 2628 1492 2672 in
1531 2628 1719 2672 nomine

263 2703 469 2757 Domini,
511 2709 560 2749 et
607 2704 906 2752 obedientem
945 2711 1175 2765 praecepto
1218 2705 1272 2750 B.
1317 2705 1448 2750 Pauli
1494 2705 1718 2765 apostoli:

262 2778 422 2844 Maqis
445 2786 590 2827 autem
614 2779 782 2828 laboret
804 2782 1032 2843 operando
1056 2782 1259 2828 manibus
1282 2784 1388 2835 suis,
1414 2781 1534 2844 quod
1557 2780 1719 2827 bonum

262 2862 335 2910 est,
366 2863 414 2903 ut
436 2856 593 2904 babeat
618 2858 734 2904 mede
757 2858 924 2905 tribuat
959 2860 1256 2906 necessitatem
1284 2860 1491 2920 patienti.
1564 2858 1718 2918 Hujus
