1970 3202
308 255 393 297 420
916 269 1155 299 ADDENDA.

307 375 482 424 graveto
512 369 694 425 maptiza
723 369 820 411 albo
850 369 1037 426 plumbo.
1115 370 1309 412 Indicum
1339 370 1497 412 incides
1527 370 1580 413 de
1611 372 1766 423 azurio,

308 436 493 492 maptiza
527 438 581 479 de
614 437 711 479 albo
746 438 932 494 plumbo.
1006 438 1115 480 Item
1151 439 1280 482 misce
1315 439 1500 480 indicum
1537 454 1633 481 cum
1668 440 1767 481 albo

308 505 495 561 plumbo,
515 505 675 548 incides
695 506 749 548 de
768 506 921 558 indico,
942 507 1124 562 maptiza
1144 507 1196 549 de
1217 508 1314 549 albo
1335 508 1523 563 plumbo.
1583 507 1767 550 Crocum

306 573 466 615 incides
486 574 540 616 de
564 575 805 627 vermiculo,
835 576 1017 631 maptiza
1047 576 1100 617 de
1130 577 1226 618 albo
1248 577 1434 632 plumbo.
1496 576 1606 617 Item
1637 576 1767 617 misce

310 657 481 684 crocum
509 657 605 684 cum
633 643 730 685 albo
755 644 942 699 plumbo,
962 644 1122 685 incides
1142 645 1195 686 de
1223 659 1362 696 croco,
1389 645 1572 701 maptiza
1592 644 1646 685 de
1667 644 1765 685 albo

308 711 496 766 plumbo.
559 711 724 753 Folium
754 712 912 753 incides
941 713 995 753 de
1015 713 1149 768 nigro,
1171 712 1352 768 maptiza
1381 714 1434 755 de
1456 713 1553 755 albo
1578 712 1766 768 plumbo.

312 777 420 820 Item
443 779 571 821 misce
590 779 736 821 folium
758 794 856 821 cum
877 780 972 822 albo
994 780 1181 836 plumbo.

377 1108 417 1135 SI
449 1108 521 1136 VIS
553 1108 729 1137 FACERE
760 1107 950 1136 LITERAS
981 1107 1158 1135 AUREAS
1190 1108 1280 1135 VEL
1309 1108 1579 1136 ARGENTEAS
1610 1108 1700 1135 VEL

609 1176 810 1205 CUPREAS
840 1177 929 1204 VEL
959 1176 1102 1204 EREAS
1133 1176 1224 1204 AUT
1255 1176 1469 1205 FERREAS.

311 1288 610 1388 ACCIPE
631 1290 775 1331 limam
789 1295 832 1331 et
845 1291 1058 1332 metallum
1070 1289 1172 1331 illud
1190 1295 1232 1331 et
1252 1290 1440 1331 limando
1457 1289 1524 1331 fac
1541 1291 1767 1346 pulverem.

483 1357 642 1399 Postea
671 1358 814 1414 accipe
849 1373 1066 1414 gummam
1095 1358 1335 1414 prunariam
1367 1363 1410 1399 et
1439 1371 1571 1413 pones
1601 1372 1695 1399 eam
1725 1358 1770 1399 in

309 1432 446 1478 aceto,
477 1426 640 1468 dimitte
659 1441 731 1482 per
763 1426 874 1468 diem
895 1432 937 1467 et
963 1432 1132 1468 noctem
1153 1432 1195 1467 et
1222 1431 1369 1481 postea
1397 1426 1570 1482 extrahe
1595 1425 1708 1467 foras
1729 1432 1771 1468 et

309 1494 428 1536 mitte
458 1509 553 1536 eam
574 1495 617 1535 in
642 1509 798 1551 aquam
822 1495 979 1537 claram
1010 1495 1313 1551 aliquantulum
1342 1494 1528 1550 tepidam
1548 1500 1591 1536 et
1620 1494 1678 1536 ibi
1707 1494 1771 1535 di-

309 1563 428 1604 mitte
455 1578 529 1619 per
549 1563 660 1604 diem
682 1569 724 1604 et
743 1569 924 1605 noctem.
986 1562 1145 1604 Postea
1175 1562 1320 1618 accipe
1350 1577 1567 1619 gummam
1588 1568 1630 1603 et
1648 1563 1769 1604 lima-

307 1637 446 1673 turam
467 1637 509 1672 et
529 1632 640 1673 mole
661 1646 784 1687 super
804 1637 967 1687 petram
987 1631 1164 1682 fortiter,
1192 1636 1234 1672 et
1254 1631 1507 1686 distempera
1527 1646 1624 1672 cum
1645 1645 1770 1688 aqua,

309 1700 354 1740 in
384 1714 469 1756 qua
498 1700 822 1756 distemperatus
853 1706 919 1741 est
947 1699 1083 1756 pulvis
1112 1699 1193 1750 ille,
1225 1704 1391 1740 tantum
1420 1705 1468 1740 ut
1497 1699 1604 1741 bene
1635 1701 1771 1755 possis

308 1769 502 1810 scribere.
563 1767 608 1809 Si
630 1783 716 1810 non
731 1769 864 1810 habes
884 1782 1101 1825 gummam
1118 1768 1261 1823 accipe
1279 1767 1515 1809 moniacam
1536 1773 1579 1809 et
1598 1767 1770 1809 distem-

310 1848 411 1889 pera
431 1848 527 1876 cum
548 1848 661 1891 aqua
680 1834 829 1886 calida,
860 1834 903 1874 in
923 1848 1008 1890 qua
1028 1833 1265 1875 moniacam
1286 1833 1472 1875 dimittes
1493 1848 1567 1889 per
1586 1833 1771 1875 medium

307 1901 434 1942 diem.
502 1901 660 1943 Postea
699 1902 953 1959 distempera
990 1908 1040 1944 ut
1074 1902 1234 1943 dictum
1274 1906 1338 1942 est
1375 1901 1583 1957 utrinque,
1624 1907 1665 1943 et
1703 1901 1771 1943 fac

306 1969 448 2010 literas
468 1984 574 2026 quas
594 1970 789 2012 volueris.
849 1970 970 2020 Quas
991 1968 1135 2028 utique
1165 1970 1343 2012 siccatas
1360 1970 1490 2025 polies
1510 1969 1654 2011 leviter
1673 1984 1771 2011 cum

312 2037 439 2079 dente
459 2038 547 2093 lupi
568 2039 634 2080 vel
655 2039 785 2092 canis,
816 2044 859 2081 et
884 2039 1127 2096 hujusmodi
1152 2044 1228 2081 aut
1247 2052 1344 2080 cum
1370 2038 1509 2095 lapide
1531 2038 1675 2095 polito,
1705 2039 1771 2080 vel

311 2105 598 2150 adamantino.

598 2405 637 2433 SI
669 2405 743 2432 VIS
772 2403 947 2432 FACERE
967 2403 1274 2432 VERMICULUM
1305 2403 1481 2431 BONUM.

311 2493 610 2595 ACCIPE
638 2493 866 2549 ampullam
893 2491 1067 2533 vitream
1096 2498 1138 2534 et
1163 2492 1235 2533 lini
1263 2506 1356 2533 eam
1384 2492 1438 2533 de
1464 2491 1565 2533 foris
1586 2491 1639 2532 de
1667 2492 1770 2543 luto,

481 2562 547 2604 vel
567 2562 764 2618 argillosa
789 2566 898 2603 terra
917 2566 959 2602 et
979 2574 1088 2616 pone
1107 2560 1152 2601 in
1172 2574 1266 2601 eam
1287 2560 1372 2601 dua
1392 2560 1577 2616 pondera
1599 2559 1769 2601 sulfuris

309 2631 408 2683 albi,
438 2631 504 2672 vel
524 2629 660 2672 crocei
680 2629 847 2681 coloris,
878 2634 921 2670 et
940 2644 1071 2670 unum
1102 2628 1268 2684 pondus
1298 2628 1462 2685 argenti
1487 2628 1570 2669 vivi
1591 2634 1633 2669 et
1662 2643 1770 2684 pone

308 2714 434 2755 super
454 2699 559 2740 duas
580 2703 718 2754 petras
740 2703 782 2739 et
799 2703 899 2738 tunc
920 2711 1087 2753 appone
1106 2697 1251 2752 ignum
1271 2697 1562 2738 lentissimum.
1609 2695 1769 2738 Tamen
1818 2742 1825 2747 ,

307 2767 524 2823 cooperias
560 2766 779 2822 operculos
814 2765 1009 2821 ampullae
1043 2765 1096 2806 de
1131 2779 1262 2821 parva
1296 2766 1441 2821 tegula
1475 2765 1542 2806 vel
1574 2769 1693 2820 petra
1729 2770 1771 2805 et

307 2835 512 2892 quamdiu
539 2834 692 2876 videris
717 2834 880 2875 fumum
906 2833 1077 2874 rubeum
1109 2833 1230 2889 quasi
1259 2833 1547 2885 vermiculum,
1577 2831 1637 2873 sic
1670 2832 1770 2874 tolle

309 2903 363 2944 ab
384 2903 496 2959 igne,
524 2907 566 2944 et
586 2902 763 2944 habebis
785 2900 1059 2943 vermiculum
1081 2900 1253 2942 bonum.
