1970 3202
337 292 393 332 50
822 305 1071 333 THEOPHILI
1103 306 1237 333 LIBER
1269 306 1297 333 1.

336 419 470 460 coque
486 418 638 460 aquam
661 419 792 461 usque
813 405 866 446 ad
887 405 1051 447 tertiam
1074 411 1249 462 partem,
1270 405 1413 461 sicque
1434 404 1602 460 ejiciens
1623 403 1676 444 de
1695 404 1788 460 ipso

337 471 495 513 cacabo
528 472 645 512 mitte
674 472 718 512 in
749 473 967 525 minorem,
989 479 1032 515 et
1060 473 1219 515 tamdiu
1255 487 1390 530 coque
1408 473 1545 514 donec
1578 472 1789 527 nigrescat

337 546 462 596 atque
501 539 673 596 incipiat
707 540 966 593 densescere,
1002 540 1083 582 hoc
1125 540 1297 582 omnino
1332 555 1485 582 cavens
1525 555 1578 580 ne
1618 539 1786 595 aliquod

336 607 469 649 addas
509 622 643 663 aquae,
684 615 862 665 excepta
893 610 963 651 illa
995 625 1088 666 quae
1128 624 1254 651 succo
1296 608 1428 649 mixta
1457 613 1533 650 est.
1595 607 1788 663 Cumque

337 676 488 717 videris
527 691 621 717 eam
655 677 914 730 densescere,
955 678 1063 719 adde
1096 677 1181 718 vini
1216 676 1308 733 puri
1339 676 1504 717 tertiam
1539 680 1714 731 partem,
1748 681 1790 716 et

337 743 507 786 mittens
526 743 570 784 in
586 745 689 786 ollas
710 760 843 787 novas
857 746 961 787 duas
977 747 1043 787 vel
1057 751 1153 797 tres,
1169 745 1331 787 tamdiu
1347 757 1481 800 coque
1495 743 1629 784 donec
1646 742 1790 784 videas

337 812 452 868 quod
472 812 515 852 in
536 826 731 867 supremo
761 813 881 869 quasi
911 819 1051 855 cutem
1085 813 1237 855 trahat.
1299 811 1466 853 Dehinc
1496 811 1647 852 tollens
1668 811 1789 866 ‘ipsas

338 880 442 921 ollas
477 880 532 920 ab
563 879 660 935 igne
694 895 803 936 pone
825 881 878 922 ad
912 881 1043 922 solem
1070 881 1206 922 donec
1238 895 1283 922 se
1303 880 1470 935 nigrum
1502 878 1737 920 incaustum
1764 892 1790 919 a

340 947 468 989 rubea
489 944 592 988 faece
625 947 827 1003 purificet.
890 948 1049 990 Postea
1079 949 1177 990 tolle
1210 948 1417 990 folliculos
1449 961 1501 988 ex
1534 960 1789 1003 pergameno

338 1015 558 1071 diligenter
578 1020 778 1057 consutos
808 1021 851 1057 et
869 1016 1044 1067 vesicas,
1066 1021 1108 1057 et
1138 1015 1363 1057 infundens
1383 1029 1533 1071 purum
1551 1015 1790 1055 incaustum

337 1083 545 1139 suspende
566 1082 620 1124 ad
651 1083 785 1124 solem
806 1084 941 1126 donec
967 1084 1139 1125 omnino
1170 1084 1358 1125 siccetur.
1420 1082 1614 1139 Cumque
1633 1082 1790 1123 siccum

338 1150 474 1202 suerit,
495 1151 594 1192 tolle
613 1150 712 1192 inde
742 1151 938 1208 quotiens
958 1152 1139 1194 volueris
1160 1157 1202 1193 et
1221 1158 1410 1208 tempera
1431 1165 1527 1192 cum
1547 1150 1645 1191 vino
1666 1163 1791 1205 super

337 1219 556 1271 carbones,
573 1219 795 1262 et-addens
812 1220 1025 1262 modicum
1041 1220 1262 1262 atramenti
1278 1219 1424 1261 scribe.
1486 1218 1613 1268 Quod
1634 1218 1668 1259 si
1688 1231 1789 1259 con-

336 1286 477 1343 tigerit
504 1301 579 1343 per
611 1287 911 1343 negligentiam
938 1294 986 1330 ut
1018 1302 1104 1330 non
1136 1288 1236 1329 satis
1273 1287 1439 1344 nigrum
1465 1286 1519 1328 sit
1537 1286 1790 1335 incaustum,

337 1354 481 1411 accipe
502 1355 678 1396 frustum
710 1355 991 1411 grossitudine
1011 1356 1134 1398 unius
1164 1355 1297 1412 digiti,
1319 1361 1360 1397 et
1380 1370 1541 1412 ponens
1569 1355 1613 1396 in
1633 1354 1790 1411 ignem,

323 1421 426 1464 <sine
447 1422 710 1475 candescere,
732 1437 833 1465 mox
854 1428 896 1465 et
915 1424 957 1465 in
978 1424 1214 1467 incaustum
1235 1424 1404 1480 projice.

767 1929 975 1959 EXPLICIT
1004 1931 1140 1958 LIBER
1171 1931 1354 1960 PRIMUS.
