1970 3202
258 237 342 278 360
725 252 975 280 ΤΗΕΟΡΗΠᾸ
1009 252 1146 280 mmm
1173 254 1241 281 111.

258 356 398 391 autem
419 351 584 406 penitus
614 352 750 407 adipe,
773 352 945 393 obstrue
976 353 1180 394 foramina
1210 359 1385 409 utraque
1406 353 1555 409 argilla
1577 366 1716 393 macc-

260 418 351 460 rata
371 419 484 461 recta
506 434 713 471 mensura,
735 420 792 460 ita
822 426 868 460 ut
888 435 972 461 non
994 421 1173 462 violetur
1193 436 1267 462 ora
1289 435 1521 476 campanae,
1543 426 1585 461 et
1605 420 1715 461 circa

260 487 439 527 formam
459 487 740 529 abundantius
761 488 914 530 adhibe
940 489 1068 544 ligna,
1091 495 1136 529 ut
1159 504 1229 544 per
1250 494 1382 530 totam
1405 489 1513 529 diem
1537 503 1715 544 sequen-

260 560 429 611 temque
460 561 628 597 noctem
660 556 769 611 ignis
811 572 894 598 non
928 557 1109 598 deficiat.
1172 557 1346 598 Interim
1378 557 1478 598 tolle
1511 556 1715 596 cacabum

261 623 439 664 ferreum
470 623 511 664 in
542 624 674 665 fundo
706 619 955 675 rotundum,
975 625 1073 665 huic
1106 625 1372 667 solummodo
1405 623 1521 679 operi
1556 628 1716 678 aptum,

261 690 331 746 qui
353 706 404 732 ex
425 698 599 748 utraque
619 699 738 747 parte
753 707 874 734 aures
895 693 1049 734 ferreas
1070 693 1176 733 duas
1196 692 1364 743 habeat,
1387 698 1459 732 aut
1480 691 1511 732 si
1534 691 1719 731 maxima

261 772 468 814 campana
488 759 577 810 erit,
599 760 705 800 duos
727 761 791 801 vel
822 766 918 812 tres,
940 766 983 801 et
1012 760 1162 800 illinies
1187 774 1260 800 eos
1281 759 1454 800 interius
1475 764 1517 799 et
1537 759 1718 799 exterius

261 826 408 882 argilla
428 827 589 867 fortiter
610 827 832 879 macerata,
854 828 982 868 semel
1000 834 1041 869 et
1062 827 1211 868 iterum
1233 841 1283 868 ac
1303 827 1438 878 tertio,
1459 827 1594 868 donec
1615 826 1719 866 duo-

261 894 340 934 bus
361 894 502 949 digitis
523 895 658 950 spissa
679 895 745 946 sit,
767 900 809 936 et
839 895 960 936 sistes
988 909 1060 936 eos
1081 894 1328 936 altrinsecus
1351 900 1495 935 contra
1515 909 1574 946 se,
1596 894 1654 935 ita
1676 899 1721 934 ut

262 961 369 1002 inter
389 976 462 1003 eos
482 962 530 1002 iri
561 962 704 1017 possit,
736 968 778 1003 et
807 963 885 1004 sub
916 962 976 1003 eis
1006 976 1137 1018 pones
1167 967 1323 1002 terrain
1343 961 1575 1017 simplicem
1596 967 1721 1018 atque

263 1028 528 1084 circumfiges
558 1030 736 1085 paxillos
767 1030 930 1086 ligneos
959 1030 1002 1070 in
1033 1029 1200 1071 duobus
1221 1032 1318 1072 vero
1338 1029 1453 1081 locis,
1475 1030 1540 1070 vel
1561 1029 1594 1070 si
1615 1043 1722 1084 opus

264 1097 387 1137 fuerit
418 1096 564 1148 tribus,
596 1097 668 1138 ubi
705 1097 826 1138 folles
865 1097 1021 1153 apponi
1061 1097 1229 1148 debent,
1266 1098 1371 1153 figes
1404 1097 1510 1138 duos
1544 1097 1721 1152 paxillos

264 1165 424 1207 fortiter
444 1164 657 1220 aequaliter
677 1166 798 1216 latos,
819 1172 861 1206 et
879 1165 985 1206 inter
1000 1179 1073 1206 eos
1095 1165 1222 1207 facies
1238 1165 1427 1206 foramen
1443 1171 1589 1206 contra
1605 1179 1721 1206 oram

265 1232 425 1280 cacabi,
447 1231 506 1273 ita
524 1238 571 1272 ut
592 1239 742 1274 ventus
768 1233 874 1274 inter
899 1248 994 1274 eum
1016 1233 1170 1285 veniat,
1191 1239 1234 1274 et
1257 1233 1428 1289 singulis
1450 1232 1722 1274 foraminibus

263 1300 440 1355 inpones
460 1299 649 1356 singulos
670 1300 800 1342 ferros
830 1307 975 1342 tenues
1000 1306 1126 1357 atque
1147 1301 1434 1357 complicatOS‚
1455 1300 1513 1341 ita
1533 1308 1579 1341 ut
1599 1300 1641 1340 in
1662 1300 1721 1340 eis

265 1367 428 1422 possint
458 1368 608 1408 fistulae
639 1367 799 1409 follium
831 1369 1002 1410 firmiter
1026 1369 1192 1424 jacere3
1225 1369 1367 1425 sicque
1398 1383 1494 1409 cum
1515 1367 1722 1423 lapidibus

265 1442 307 1476 et
327 1435 473 1491 argilla
504 1435 633 1476 facies
664 1451 786 1492 super
817 1436 953 1492 ipsum
984 1437 1186 1478 cacabum
1216 1437 1258 1477 in
1289 1437 1464 1478 circuitu
1495 1436 1722 1486 fornacem,

265 1504 370 1558 pede
406 1510 448 1545 et
480 1503 652 1545 dimidio
686 1505 829 1556 altam,
866 1511 992 1561 atque
1022 1505 1193 1547 interius
1229 1506 1442 1562 aequaliter
1476 1504 1593 1546 linies
1626 1519 1719 1545 cum

264 1572 412 1613 eadem
451 1572 609 1627 argilla,
651 1573 794 1628 sicque
835 1574 1038 1615 carbones
1078 1573 1232 1629 ignitos
1266 1587 1467 1629 appones.
1530 1572 1723 1628 Cumque

264 1639 440 1695 singulis
471 1640 638 1681 cacabis
670 1641 857 1682 similiter
887 1641 1048 1693 feceris,
1080 1642 1213 1693 folles,
1244 1647 1286 1682 et
1314 1656 1407 1682 cum
1439 1639 1724 1680 instrumentis

265 1707 351 1747 suis
381 1707 423 1748 in
453 1707 606 1763 quibus
637 1708 810 1749 firmiter
834 1709 1019 1764 jaceant,
1051 1724 1251 1765 appones,
1283 1709 1505 1764 unicuique
1533 1708 1723 1749 foramini

265 1774 386 1826 duos,
421 1781 464 1816 et
493 1775 716 1831 unicuique
756 1776 842 1817 folli
879 1777 1099 1832 deputabis
1135 1778 1262 1819 fortes
1295 1778 1404 1818 viros
1433 1778 1551 1818 duos.
1613 1776 1724 1817 Cum

266 1851 406 1886 autem
428 1845 572 1886 cacabi
603 1845 775 1886 interius
806 1846 912 1888 bene
943 1846 1201 1898 canduerint,
1233 1846 1368 1887 incide
1398 1844 1621 1900 unicuique
1641 1844 1726 1884 duo

267 1914 380 1969 ligna
402 1914 455 1954 de
476 1928 633 1969 quercu
654 1913 765 1954 sicca
785 1920 828 1954 et
847 1929 1007 1969 grossa,
1028 1914 1088 1955 sic
1106 1920 1204 1970 apta
1219 1919 1265 1954 ut
1285 1912 1448 1969 possint
1469 1912 1643 1952 fundum
1665 1912 1726 1951 in-

267 1981 393 2023 terius
413 1981 599 2036 implere,
622 1988 664 2022 et
681 1982 788 2022 inter
801 1997 851 2022 ea
869 1982 1054 2023 foramen
1074 1983 1199 2023 facies
1216 1997 1289 2038 per
1309 1980 1421 2037 quod
1440 1979 1572 2034 possit
1591 1979 1649 2019 eis
1665 1979 1725 2019 in-

266 2049 409 2101 fluere,
430 2054 555 2105 atque
587 2064 711 2104 super
734 2050 824 2091 haec
855 2050 939 2090 duo
971 2049 1099 2106 ligna,
1121 2050 1201 2091 alia
1226 2049 1413 2105 ejusdem
1447 2062 1664 2098 mensurae,
1685 2053 1727 2088 et

266 2118 309 2159 in
331 2118 504 2159 circuitu
525 2132 577 2158 ex
599 2117 746 2159 eodem
769 2118 883 2173 ligno
904 2133 1014 2173 pone
1035 2118 1152 2174 quasi
1171 2118 1348 2173 paxillos
1369 2116 1651 2172 prominentes
1673 2115 1726 2155 ab

269 2186 334 2227 his
355 2186 477 2241 lignis
499 2200 632 2241 usque
654 2200 776 2241 super
797 2200 915 2227 oram
937 2186 1131 2227 fornacis.

328 2522 426 2571 Quo
455 2525 581 2576 facto,
609 2524 861 2580 ponderabis
889 2540 1013 2567 omne
1040 2533 1312 2568 aeramentum
1341 2526 1455 2582 quod
1484 2525 1628 2576 habes,
1656 2532 1729 2566 aut

269 2598 447 2647 quatuor
460 2598 599 2648 partes
615 2593 698 2634 sint
711 2593 827 2649 cupri
840 2599 882 2634 et
894 2594 1041 2650 quinta
1054 2594 1205 2650 stagni,
1219 2599 1345 2649 atque
1358 2593 1555 2648 dispones
1569 2591 1726 2632 unicui-

269 2674 352 2715 que
365 2661 538 2712 cacabo,
553 2661 788 2702 secundum
801 2676 921 2703 suam
937 2662 1228 2717 capacitatem,
1243 2676 1341 2702 suas
1355 2667 1506 2716 partes.
1560 2659 1727 2700 Deinde

269 2727 427 2768 vadens
447 2728 501 2768 ad
518 2728 732 2769 fornacem
755 2728 914 2781 formae,
930 2730 1046 2770 eleva
1063 2730 1251 2785 superius
1268 2729 1509 2785 operculum
1531 2733 1572 2769 et
1591 2727 1727 2769 consi-

269 2794 369 2835 dera
391 2794 568 2850 qualiter
584 2810 628 2835 se
647 2795 811 2836 habeat.
874 2795 917 2837 Si
939 2798 1111 2840 omnino
1132 2798 1347 2839 canduerit
1369 2796 1541 2838 interius
1562 2810 1726 2837 recurra
1770 2788 1784 2801 ⁴

269 2863 323 2904 ad
340 2862 520 2904 cacabos
537 2868 576 2903 et
593 2862 785 2918 primitus
804 2862 981 2906 immitte
998 2866 1200 2907 carbones
1220 2881 1403 2921 grossos.
1469 2864 1633 2905 Deinde
1650 2863 1725 2903 im-

1939 0 1963 90 ἔ
