1970 3202
246 282 327 322 142
711 295 962 324 ΤΗΕΟΡΗΠᾸ
996 296 1132 323 LIBER
1165 296 1214 323 11.

236 394 342 446 vitri,
377 395 563 450 co-operi
596 396 675 437 levi
706 396 857 446 colore,
889 395 961 451 qui
990 409 1075 436 non
1106 395 1160 436 sit
1188 400 1275 436 tam
1306 395 1461 436 densus
1497 394 1603 436 sicut
1623 408 1686 435 se—

237 462 374 503 cunda
403 462 564 513 umbra,
595 477 671 504 nec
704 468 790 504 tam
824 463 959 504 clarus
990 462 1099 503 sicut
1122 462 1258 514 tertia,
1281 462 1354 503 sed
1375 462 1481 502 inter
1503 461 1579 502 has
1599 475 1686 502 me-

235 530 341 572 dius.
403 529 501 579 Quo
532 530 742 571 exsiccato
773 530 840 571 fac
871 544 967 571 cum
997 529 1132 571 cauda
1161 529 1326 585 pincelli
1351 529 1476 585 juxta
1516 529 1685 570 umbras

234 598 405 653 priores,
455 611 558 653 quas
608 597 778 648 feceras,
830 597 1000 638 subtiles
1042 602 1200 638 tractus
1240 611 1292 638 ex
1331 603 1505 653 utraque
1554 602 1684 652 parte,

234 666 293 707 ita
339 672 387 707 ut
423 665 529 706 inter
569 665 647 706 hos
686 664 868 706 tractus¹
911 664 1080 704 umbras
1119 663 1228 703 illius
1269 663 1371 704 levis
1407 662 1556 704 coloris
1587 662 1685 703 sub·

234 733 326 774 tiles
358 738 516 774 tractus
549 738 804 773 remaneant.
879 730 930 771 In
965 731 1123 787 reliquo
1156 736 1297 771 autem
1330 730 1397 771 fac
1429 730 1606 771 circulos
1644 736 1686 771 et

235 793 386 852 ramos,
420 805 462 841 et
495 799 538 840 in
575 799 633 840 eis
668 799 792 839 flores
828 813 877 839 ac
914 798 1012 839 folia
1041 798 1190 839 eodem
1219 797 1361 849 modo,
1392 812 1476 853 quo
1506 797 1615 838 fiunt
1642 797 1685 838 in

233 867 379 909 litteris
399 866 547 922 pictis;
580 866 654 907 sed
675 880 849 921 campos
870 866 941 921 qui
963 865 1171 906 coloribus
1201 865 1426 920 implentur
1454 864 1498 904 in
1527 864 1684 916 litteris,

234 935 362 976 debes
382 934 426 974 in
447 934 552 975 vitro
574 932 854 975 subtilissimis
875 932 1120 974 ramusculis
1150 932 1335 988 pingere.
1396 932 1527 974 Potes
1558 932 1685 974 etiam

233 1003 276 1043 in
307 1002 408 1058 ipsis
446 1001 610 1043 circulis
650 1000 857 1041 interdum
897 1000 1096 1041 bestiolas
1132 1004 1174 1040 et
1212 999 1407 1051 avicolas,
1438 1000 1684 1041 vermiculos

231 1085 313 1127 que
334 1084 383 1111 ac
404 1070 538 1110 nudas
558 1068 761 1124 imagines
780 1068 972 1108 inserere.
1025 1066 1191 1107 Eodem
1212 1067 1338 1107 modo
1360 1066 1490 1108 facies
1511 1081 1684 1122 campos

231 1152 283 1178 ex
304 1137 401 1178 albo
423 1136 665 1187 clarissimo,
687 1135 806 1191 cujus
827 1134 965 1190 campi
985 1134 1190 1190 imagines
1210 1134 1362 1176 vesties
1383 1148 1479 1175 cum
1500 1135 1683 1190 saphiro,

231 1204 364 1256 viridi,
401 1218 594 1260 purpura,
631 1208 672 1244 et
707 1202 951 1244 rubicundo.
1029 1202 1080 1243 In
1120 1202 1278 1258 campis
1309 1216 1407 1243 vero
1448 1202 1603 1258 saphiri
1642 1208 1685 1244 et

231 1272 373 1313 viridis
403 1271 552 1313 coloris
583 1271 729 1312 eodem
761 1271 888 1312 modo
918 1270 1106 1326 depictis,
1137 1275 1179 1311 et
1208 1269 1428 1311 rubicundi
1457 1285 1544 1312 non
1569 1270 1687 1326 picti,

231 1340 359 1381 facies
390 1339 639 1380 vestimenta
669 1353 721 1379 ex
752 1338 847 1380 albo
879 1337 1122 1389 clarissimo,
1154 1352 1237 1394 quo
1268 1337 1503 1379 vestimenti
1532 1352 1684 1394 genere

232 1408 392 1448 nullum
413 1407 640 1462 speciosius
661 1412 736 1447 est.
783 1405 851 1446 Ex
872 1419 995 1461 supra
1015 1405 1138 1446 dictis
1160 1405 1292 1446 tribus
1312 1405 1520 1447 coloribus
1535 1405 1683 1462 pinges

230 1476 273 1516 in
294 1475 432 1516 limbis
454 1488 592 1515 ramos
613 1478 655 1514 et
675 1473 786 1524 folia,
806 1473 931 1514 flores
953 1479 994 1514 et
1013 1473 1161 1524 nodos,
1183 1473 1327 1514 ordine
1348 1487 1433 1528 quo
1455 1487 1607 1528 supra;
1640 1478 1682 1514 et

231 1543 356 1584 uteris
378 1542 534 1583 eisdem
555 1541 598 1581 in
619 1541 799 1582 vultibus
820 1541 1053 1596 imaginum
1075 1547 1117 1582 et
1137 1540 1330 1582 manibus
1355 1555 1404 1582 ac
1434 1540 1611 1596 pedibus
1641 1546 1684 1582 et

230 1610 272 1650 in
292 1609 414 1650 nudis
436 1608 632 1650 membris
653 1623 726 1664 per
746 1609 886 1650 omnia
907 1623 981 1664 pro
1003 1623 1052 1650 eo
1073 1609 1226 1660 colore,
1257 1608 1328 1665 qui
1357 1608 1401 1648 in
1431 1608 1681 1663 praecedenti

229 1678 332 1719 libro
353 1676 502 1718 dicitur
521 1690 634 1731 pose.
695 1675 861 1717 Croceo'
878 1676 983 1717 vitro
1016 1691 1101 1718 non
1131 1677 1308 1717 multum
1338 1676 1464 1717 uteris
1494 1676 1537 1716 in
1555 1676 1679 1717 vesti-

230 1745 379 1787 mentis
408 1744 487 1785 nisi
521 1744 564 1784 in
597 1744 763 1785 coronis
795 1750 837 1785 et
847 1723 907 1784 ‘in
938 1744 996 1785 eis
1026 1744 1129 1786 locis
1158 1744 1230 1785 ubi
1260 1758 1406 1785 aurum
1438 1743 1679 1800 ponendum

231 1819 342 1854 esset
362 1813 403 1853 in
425 1812 598 1868 pictura.
660 1810 740 1853 His
761 1812 955 1853 omnibus
979 1812 1037 1852 ita
1067 1811 1294 1868 compactis
1325 1826 1374 1853 ac
1403 1812 1579 1868 depictis
1610 1826 1681 1853 co-

229 1880 441 1936 quendum
476 1884 539 1921 est
558 1878 710 1920 vitrum
745 1884 787 1920 et
822 1879 947 1920 color
971 1879 1283 1920 confirmandus
1318 1879 1360 1920 in
1392 1879 1514 1921 furno
1553 1894 1680 1935 quem

229 1962 456 2004 compones
477 1947 557 1989 hoc
577 1946 717 1988 modo.

626 2374 940 2437 CAPUT
1015 2375 1258 2438 XXII.

492 2517 552 2544 DE
582 2518 733 2546 FURNO
764 2518 812 2545 IN
844 2517 936 2550 QUO
967 2519 1143 2548 VITRUM
1175 2521 1418 2555 COQUITUR.

230 2614 527 2715 ACCIPE
561 2617 701 2674 virgas
728 2617 934 2659 flexibiles
970 2618 1150 2674 infigens
1191 2636 1262 2664 eas
1298 2628 1418 2664 terrae
1447 2623 1490 2663 in
1519 2624 1674 2679 angulo

383 2684 549 2737 domus,
598 2691 779 2741 utroque
821 2686 960 2742 capite
1009 2689 1224 2744 aequaliter
1271 2690 1315 2731 in
1364 2691 1675 2732 similitudinem

227 2764 413 2803 arcuum,
434 2752 506 2808 qui
536 2767 656 2794 arcus
676 2752 861 2794 habeant
881 2754 1143 2797 altitudinem
1164 2757 1283 2812 pedis
1313 2764 1355 2800 et
1374 2759 1548 2811 dimidii,
1578 2760 1674 2801 lati-

616 2874 624 2892 ¹
648 2876 721 2908 Ood.
739 2877 868 2918 Guelpk.
887 2878 907 2895 “
919 2882 949 2908 et
964 2878 1077 2917 priores
1089 2879 1104 2892 ’¹
1119 2881 1273 2923 interpon.

1960 722 1970 788 -—›-⁴
1962 579 1970 710 -w-mom--w
1964 551 1970 570 m
1963 498 1970 542 m·-
1964 472 1970 485 -„
1961 406 1970 456 --·⁴*.,
1962 362 1963 367 Α
1956 344 1965 347 ’-
