1970 3202
293 231 378 271 xlvi
900 243 1136 271 PREFATIO.

293 357 494 402 teritatis
516 357 816 417 propaginem
840 356 1090 409 transtulit,
1116 362 1169 401 ut
1193 349 1456 416 quicunque
1479 371 1637 402 curam
1662 358 1750 403 sol-

293 433 675 494 licitudinemque
709 434 952 486 addiderit,
988 434 1132 478 totius
1172 434 1282 478 artis
1316 434 1581 493 ingeniique
1616 450 1750 494 capa-

294 510 485 555 citatem
511 511 640 570 quasi
664 510 954 559 haereditario
969 511 1077 570 jure
1100 510 1290 570 adipisci
1314 511 1470 570 possit.

360 708 640 769 Hujusmodi
666 709 977 753 intentionem
1013 708 1214 752 humana
1249 709 1501 767 suscipiens
1531 709 1748 758 sollertia,

292 791 340 832 et
364 787 412 830 in
437 786 627 830 diversis
644 785 825 830 actibus
844 785 937 830 suis
955 785 1170 830 insistens
1188 785 1326 830 lucris
1351 790 1399 829 et
1418 785 1748 844 voluptatibus,

291 878 374 922 per
417 868 681 922 temporum
728 862 1029 914 incrementa,
1081 862 1272 906 tandem
1319 862 1376 906 ad
1422 863 1751 921 praedestinata

291 939 562 985 Christianae
585 938 819 997 religionis
853 938 1074 996 perduxit
1108 943 1331 997 tempora,
1366 938 1636 997 factumque
1665 945 1748 991 est,

288 1021 343 1060 ut
367 1016 489 1075 quod
515 1016 573 1060 ad
598 1015 783 1060 laudem
808 1020 856 1059 et
891 1014 1085 1074 gloriam
1112 1015 1311 1059 nominis
1335 1015 1405 1059 sui
1429 1015 1636 1059 condidit
1661 1016 1751 1060 dis-

289 1094 458 1153 positio
484 1093 650 1146 divina,
676 1093 725 1136 in
749 1092 846 1151 ejus
871 1092 1144 1151 obsequium
1169 1096 1464 1136 converteret
1487 1091 1619 1150 plebs
1644 1090 1750 1137 Deo

290 1171 473 1215 devota.
545 1169 838 1229 Quapropter
878 1168 1001 1227 quod
1036 1168 1095 1212 ad
1134 1174 1340 1213 nostram
1380 1184 1526 1227 usque
1561 1175 1747 1214 aetatem

288 1246 447 1292 sollers
481 1246 868 1306 praedecessorum
909 1244 1147 1289 transtulit
1181 1246 1392 1304 provisio,
1434 1245 1510 1305 pia
1540 1245 1747 1290 fidelium

288 1337 379 1367 non
403 1321 611 1383 negligat
636 1321 848 1374 devotio3
881 1321 1098 1381 quodque
1120 1322 1461 1366 haereditarium
1487 1321 1617 1367 Deus
1641 1336 1749 1366 con-

288 1398 399 1443 tulit
433 1398 621 1451 homini,
649 1398 738 1442 hoc
772 1398 911 1443 homo
943 1398 1069 1442 omni
1103 1398 1327 1443 aviditate
1358 1398 1668 1458 amplectatur
1698 1404 1747 1443 et

288 1475 468 1520 laboret
490 1475 694 1534 adipisci.

356 1717 460 1770 Quo
483 1718 666 1778 adepto,
684 1732 822 1763 nemo
845 1719 966 1778 apud
992 1733 1053 1771 se,
1073 1720 1202 1778 qnasi
1221 1735 1280 1764 ex
1304 1734 1352 1764 se
1371 1724 1420 1764 et
1443 1734 1536 1763 non
1560 1719 1746 1765 aliunde

290 1800 496 1855 accepto,
532 1795 784 1855 glorietur;
820 1796 900 1841 sed
935 1796 982 1840 in
1009 1795 1226 1849 Domino,
1251 1812 1278 1840 a
1309 1811 1401 1855 quo
1429 1801 1477 1841 et
1501 1812 1584 1856 per
1606 1813 1745 1857 quem

288 1872 453 1924 omnia,
480 1878 529 1916 et
565 1872 664 1917 sine
689 1887 779 1931 quo
813 1872 940 1925 nihil,
969 1873 1210 1918 humiliter
1231 1873 1503 1933 gratuletur,
1527 1889 1614 1919 nec
1639 1890 1747 1919 con-

287 1963 414 1993 cessa
448 1948 635 1994 invidiae
671 1949 854 1994 sacculo
895 1950 1129 2003 recondat,
1170 1956 1251 1994 aut
1291 1950 1469 1995 tenacis
1502 1951 1746 1996 armariolo

288 2024 436 2069 cordis
460 2025 678 2079 occultet,
703 2026 783 2070 sed
808 2027 930 2071 omni
960 2027 1189 2086 jactantia
1210 2027 1405 2086 repulsa,
1430 2027 1560 2072 hilari
1585 2035 1745 2074 mente

291 2100 566 2161 simpliciter
584 2103 894 2162 quaerentibus
919 2109 1093 2164 eroget,
1117 2109 1393 2164 metuatque
1428 2105 1743 2165 evangelicam

285 2177 409 2223 illius
432 2179 733 2239 negotiatoris
768 2181 1062 2235 sententiam,
1087 2182 1165 2240 qui
1201 2182 1388 2227 domino
1411 2197 1494 2227 suo
1517 2183 1745 2242 reconsig-

285 2269 395 2299 nare
430 2255 720 2301 dissimulans
754 2271 912 2301 mnam
945 2258 1231 2312 foeneratam,
1256 2260 1382 2304 omni
1405 2259 1630 2304 beneficio
1654 2261 1744 2319 pri-

286 2337 432 2385 vatus,
457 2333 547 2377 oris
571 2333 640 2378 sui
655 2333 834 2392 judicio
857 2348 1056 2393 nequam
1080 2336 1200 2381 servi
1223 2337 1477 2396 promeruit
1501 2342 1674 2382 notam.

355 2649 505 2702 Quam
532 2650 812 2695 sententiam
847 2651 1081 2696 incurrere
1115 2651 1377 2704 formidans,
1401 2666 1500 2712 egO,
1526 2652 1741 2713 indignus

286 2732 334 2771 et
358 2741 479 2785 pene
501 2726 672 2771 nullius
695 2727 893 2772 nominis
910 2728 1171 2780 homuncio,
1196 2728 1319 2787 quod
1336 2728 1450 2772 mihi
1473 2730 1615 2788 gratis
1634 2745 1741 2775 con-

286 2803 436 2855 cessit,
472 2818 574 2862 quoe
609 2804 688 2848 dat
723 2804 935 2849 omnibus
970 2804 1214 2850 affluenter
1248 2810 1297 2850 et
1325 2820 1415 2850 non
1444 2805 1740 2866 improperat,
