1970 3202
321 275 405 316 304
785 290 1040 320 'rnsopmm
1072 292 1209 321 unna
1240 293 1310 322 111.

323 401 413 428 sam
430 394 622 430 catenam
637 404 709 445 per
726 398 862 446 partes
878 392 931 433 ad
947 393 1222 448 quantitatem
1238 393 1422 444 turibuli‚
1437 392 1618 434 mediam
1635 398 1773 434 autem

323 460 483 510 partem
514 456 758 510 breviorem,
789 465 831 500 et
859 460 1069 516 longiores
1093 461 1295 517 reliquas3
1328 461 1480 516 aptatis
1501 460 1774 501 foraminibus

323 523 365 564 in
405 524 590 580 utrisque
629 526 938 568 summitatibus
978 533 1234 579 catenarum,
1275 528 1518 570 obfirmabis
1557 542 1642 579 eas,
1682 542 1775 583 quae

322 591 533 647 longiores
554 598 663 644 sunt,
683 594 726 634 in
745 594 938 636 inferiore
961 600 1076 650 parte
1094 595 1262 637 turibuli
1282 596 1410 637 clavis
1430 596 1560 637 firmis
1581 601 1623 637 et
1641 602 1776 636 trans-

324 658 490 711 ductis;
532 660 777 716 compositae
812 676 885 718 per
919 663 1172 718 superiorem
1210 670 1370 719 partem
1405 664 1595 720 impones
1630 663 1776 704 anulos

324 727 533 782 parvulos,
554 742 649 768 cum
678 728 829 784 quibus
858 729 1024 785 aptabis
1055 735 1097 771 et
1122 730 1367 772 obfirmabis
1393 746 1464 773 eas
1491 730 1545 772 ad
1565 731 1695 772 lilium
1714 730 1777 770 in-

324 793 462 845 ferius,
484 809 557 849 per
577 796 690 851 quod
712 811 840 837 manu
868 797 1022 852 gestari
1046 796 1172 839 debet
1196 812 1293 839 cum
1318 813 1474 855 magno
1495 799 1620 840 anulo
1640 799 1776 840 eidem

324 861 512 916 superius
533 862 744 918 imposito.
806 863 996 904 Mediam
1018 879 1115 906 vero
1145 871 1352 918 catenam,
1383 881 1477 922 quae
1505 865 1670 907 brevior
1699 871 1776 916 est,

325 929 567 970 obfirmabis
597 930 716 971 clavo
747 930 790 971 in
821 931 1021 987 superiori
1050 938 1168 988 parte
1196 933 1366 975 turibuli
1396 935 1438 975 in
1458 949 1543 975 uno
1564 933 1714 989 capite,
1736 938 1779 974 et

324 996 498 1037 alterum
526 996 722 1053 imposito
753 999 877 1039 anulo
908 999 1073 1055 aptabis
1103 999 1272 1042 inferius
1301 1001 1379 1042 sub
1398 1001 1506 1053 lili03
1540 1007 1582 1043 et
1601 1002 1662 1043 sic
1682 1015 1778 1057 pro-

324 1066 488 1108 curabis
508 1073 555 1108 ut
574 1068 799 1110 turibulum
820 1084 872 1111 ex
894 1070 1009 1112 omni
1030 1076 1146 1126 parte
1166 1071 1378 1128 aequaliter
1396 1071 1590 1127 pendeat.

384 1133 571 1176 Possunt
604 1136 730 1178 etiam
762 1137 911 1179 eodem
944 1140 1071 1181 modo
1107 1145 1150 1181 et
1183 1139 1341 1192 ordine,
1377 1144 1463 1196 qno
1495 1139 1778 1196 praediximus,

324 1202 506 1244 turibula
534 1204 710 1246 diversae
740 1205 885 1247 formae
915 1212 958 1248 et
986 1206 1139 1249 diversi
1168 1207 1304 1264 operis
1334 1208 1493 1264 percuti
1522 1213 1566 1249 et
1590 1207 1709 1249 fundi
1735 1207 1779 1247 in

325 1285 428 1312 auro
453 1278 495 1312 et
521 1278 696 1328 argento
724 1279 850 1330 atque
877 1274 1099 1317 auricalco.
1160 1274 1242 1317 Sed
1272 1290 1526 1332 magnopere
1546 1274 1779 1317 cavendum

327 1345 405 1390 est,
426 1344 474 1380 ut
494 1340 759 1392 auricalcum,
781 1341 895 1398 quod
916 1342 1107 1384 deaurari
1127 1343 1264 1396 debet,
1291 1343 1463 1386 omnino
1490 1357 1640 1400 purum
1664 1342 1719 1384 sit
1738 1348 1781 1384 et

290 1424 293 1428 ·
326 1413 549 1463 purgatum
570 1423 596 1450 a
614 1409 801 1464 plumbo,
823 1416 992 1466 propter
1012 1410 1177 1452 diversa
1200 1411 1439 1463 infortunia,
1459 1426 1555 1468 quae
1575 1410 1778 1452 deauran-

328 1475 436 1516 tibus
476 1476 641 1517 evenire
681 1477 828 1519 solent.
890 1477 1018 1527 Quod
1055 1478 1309 1520 auricalcum
1349 1479 1385 1520 si
1418 1478 1480 1520 vis
1514 1489 1780 1535 componere,

327 1543 460 1599 primo
481 1548 672 1586 naturam
693 1545 825 1601 cupri,
845 1560 897 1588 ex
917 1560 1002 1603 quo
1023 1546 1211 1600 efficitur,
1233 1546 1362 1590 disce.

721 1972 1028 2036 CAPUT
1107 1972 1388 2035 LXIII.

931 2130 991 2158 DE
1021 2129 1182 2158 CUPRO.

427 2228 651 2271 UPRUM
674 2229 718 2270 in
747 2234 858 2270 terra
886 2229 1084 2270 nascitur.
1145 2227 1279 2285 Cujus
1300 2242 1407 2269 vena
1437 2242 1530 2269 cum
1562 2227 1781 2279 invenitur,

482 2312 646 2339 summo
669 2291 817 2338 labore*
843 2297 1041 2338 fodiendo
1072 2302 1115 2338 et
1144 2296 1379 2351 frangendo
1404 2295 1640 2352 acquiritur.
1702 2295 1782 2336 Est

330 2365 441 2407 enim
461 2365 568 2421 lapis
598 2365 738 2406 colore
757 2364 899 2405 viridis
929 2378 979 2405 ac
1008 2363 1254 2405 durissimus
1276 2369 1318 2404 et
1347 2363 1519 2418 plumbo
1540 2363 1781 2404 naturaliter

331 2434 500 2475 mixtus.
551 2433 636 2482 Qui
656 2432 760 2488 lapis
780 2431 1044 2473 abundanter
1062 2431 1240 2474 effossus
1257 2432 1360 2487 rogo
1381 2431 1594 2487 inponitur
1613 2436 1655 2472 et
1670 2445 1783 2472 com-

330 2502 489 2543 buritur
507 2501 550 2542 in
571 2501 747 2542 modum
776 2500 915 2552 calcis,
945 2515 1023 2541 nec
1049 2506 1193 2541 tamen
1220 2505 1355 2541 mutat
1384 2499 1579 2551 colorem,
1607 2499 1678 2540 sed
1700 2499 1781 2540 du-

332 2570 466 2611 ritiam
496 2569 651 2611 amittit
680 2575 726 2611 ut
755 2569 974 2625 confrangi
1009 2569 1154 2624 possit.
1216 2569 1383 2611 Deinde
1412 2569 1651 2610 minutatim
1681 2583 1782 2610 con-

331 2639 487 2679 fractus
508 2638 667 2679 fornaci
697 2637 936 2694 imponitur,
957 2637 1124 2680 follibus
1153 2643 1278 2694 atque
1299 2637 1550 2680 carbonibus
1570 2636 1781 2687 adhibitis,

330 2706 585 2747 incessanter
604 2706 671 2747 die
692 2720 742 2747 ac
771 2710 894 2747 nocte
915 2705 1131 2747 conflatur.
1193 2705 1322 2755 Quod
1343 2706 1479 2762 ipsum
1500 2704 1720 2761 diligenter
1739 2708 1782 2744 et

331 2781 452 2815 caute
483 2774 571 2815 fieri
602 2774 749 2826 debet3
780 2773 821 2815 id
851 2778 926 2826 est,
955 2779 1001 2814 ut
1027 2773 1160 2829 primo
1189 2774 1392 2815 carbones
1419 2771 1708 2829 inponantur¹,
1740 2776 1782 2811 et

377 2903 385 2921 ¹
403 2903 549 2936 “Deinde
561 2904 672 2944 lapidis
682 2903 821 2936 minutiae
836 2901 1102 2944 superfundantur,
1114 2884 1290 2943 rursumque
1301 2902 1472 2934 carbones?
1495 2902 1549 2935 Ex
1562 2901 1637 2934 Cod.
1651 2899 1781 2942 Guelph.
