1970 3202
253 285 337 324 230
718 297 973 326 THEOPHILI
1006 298 1144 325 LIBER
1175 298 1243 325 111.

252 397 393 451 gentia
412 397 647 453 contigerit,
669 403 716 438 ut
745 404 966 454 argentum
998 399 1137 440 fusum
1169 411 1318 439 sanum
1350 411 1434 438 non
1465 396 1532 448 sit,
1553 396 1701 437 iterum

251 463 394 516 funde,
416 464 551 506 donec
573 479 722 506 sanum
743 465 854 507 fiat¹.

660 869 963 931 CAPUT
1038 868 1286 930 XXVI.

573 1043 633 1069 DE
665 1042 957 1070 FABRICANDO
989 1042 1168 1070 MINORE
1198 1041 1375 1070 OALICE.

250 1166 569 1265 CUMQUE
592 1168 766 1223 coeperis
796 1175 1024 1224 percutere,
1046 1183 1185 1224 quaere
1207 1168 1478 1209 meditullium
1511 1167 1552 1207 in
1573 1181 1637 1219 eo,
1657 1173 1699 1208 et

369 1234 435 1275 fac
468 1241 655 1276 centrum
686 1250 781 1276 cum
819 1236 988 1288 circino,
1009 1242 1051 1277 et
1086 1237 1197 1277 circa
1229 1251 1324 1277 eum
1361 1235 1489 1277 facies
1519 1235 1697 1276 caudam

246 1302 463 1358 quadram,
485 1302 527 1342 in
544 1317 627 1358 qua
649 1303 799 1358 pedem
821 1305 1033 1359 configere
1054 1304 1195 1345 debes.
1259 1303 1368 1344 Cum
1389 1317 1487 1343 vero
1508 1303 1566 1343 sic
1594 1307 1698 1343 atte-

245 1374 420 1409 nuatum
441 1369 575 1421 fuerit,
593 1376 638 1410 ut
657 1385 786 1411 manu
806 1371 950 1426 plicari
972 1371 1117 1426 possit,
1131 1371 1197 1412 fac
1217 1371 1389 1412 interius
1411 1370 1584 1411 circulos
1601 1383 1697 1409 cum

244 1436 398 1477 circino
421 1451 446 1477 a
476 1443 618 1479 centro
639 1453 772 1494 usque
792 1439 835 1479 in
868 1439 1068 1490 medium,
1089 1444 1131 1479 et
1151 1439 1330 1480 exterius
1361 1453 1386 1479 a
1406 1437 1545 1478 medio
1566 1451 1696 1492 usque

243 1504 297 1544 ad
319 1518 459 1555 oram;
492 1510 650 1546 etcum
671 1506 853 1546 rotundo
885 1507 1036 1547 malleo
1066 1512 1236 1561 percute
1265 1505 1437 1546 interius
1468 1504 1696 1545 secundum

243 1570 433 1622 circulos,
454 1577 501 1611 ut
531 1572 630 1613 inde
662 1573 990 1627 profunditatem
1021 1574 1172 1628 capiat,
1197 1578 1240 1614 et
1269 1572 1452 1613 exterius
1481 1586 1578 1612 cum
1609 1585 1698 1611 me-

243 1638 373 1679 diocri
395 1653 519 1694 super
550 1640 774 1680 rotundam
794 1640 990 1682 incudem
1020 1641 1253 1682 secundum
1274 1640 1450 1680 circulos
1478 1652 1611 1693 usque
1641 1637 1696 1678 ad

243 1720 374 1758 oram,
391 1712 437 1746 ut
457 1706 554 1747 inde
572 1707 754 1748 strictius
770 1707 846 1748 fiat
857 1724 868 1760 3
900 1714 942 1749 et
962 1708 1042 1749 hoc
1058 1707 1219 1749 tamdiu
1234 1707 1299 1748 fac
1313 1707 1448 1748 donec
1466 1706 1503 1747 ei
1516 1706 1695 1746 formam

242 1778 284 1814 et
325 1774 642 1828 amplitudinem
690 1775 921 1816 secundum
962 1775 1125 1830 argenti
1171 1774 1447 1831 quantitatem
1489 1773 1694 1829 acquiras.

243 1839 341 1889 Quo
371 1841 484 1881 facto
505 1841 605 1881 rade
635 1841 807 1883 interius
829 1848 871 1883 et
900 1843 1082 1891 exterius
1112 1847 1232 1899 aeque
1254 1857 1350 1883 cum
1380 1841 1493 1892 lima,
1516 1847 1558 1882 et
1587 1841 1696 1881 circa

242 1922 372 1959 oram,
395 1908 530 1948 donec
552 1908 711 1963 equalis
732 1924 806 1964 per
826 1910 968 1950 omnia
980 1911 1066 1951 fiat.
1129 1910 1296 1951 Deinde
1309 1909 1520 1950 residuam
1539 1906 1696 1948 medie-

236 1980 368 2015 tatem
390 1975 553 2030 argenti
574 1975 682 2016 sicut
703 1991 829 2032 supra
858 1977 998 2018 divide
1018 1978 1059 2018 in
1082 1978 1180 2029 duo,
1203 1983 1245 2019 et
1265 1978 1318 2018 ab
1340 1991 1424 2018 una
1442 1981 1559 2032 parte
1579 1975 1696 2016 aufer

238 2042 404 2096 pondus
426 2056 500 2083 sex
530 2057 813 2095 nummorum,
835 2049 877 2085 et
906 2044 1029 2098 addet
1046 2045 1178 2096 alteri,
1201 2045 1243 2085 in
1265 2059 1349 2101 qua
1379 2044 1531 2099 pedem
1552 2043 1694 2094 facies,

238 2110 352 2165 quod
372 2114 519 2164 postea
538 2110 637 2150 inde
653 2110 837 2152 limando
854 2112 1015 2153 auferes
1036 2118 1079 2153 et
1095 2127 1181 2153 suae
1197 2112 1304 2168 parti
1320 2111 1482 2153 reddes.
1541 2109 1694 2165 Sicque

238 2177 366 2217 funde
388 2182 430 2217 et
458 2183 627 2232 percute
649 2178 797 2233 pedem
821 2179 928 2220 sicut
957 2195 1044 2231 vas,
1063 2195 1196 2237 usque
1218 2180 1317 2221 dum
1348 2184 1600 2226 attenuetur,
1622 2192 1694 2218 ex-

239 2250 362 2299 cepto
384 2245 496 2299 quod
519 2245 698 2285 caudam
719 2260 813 2296 non*
826 2246 954 2287 facies
975 2248 1018 2288 in
1039 2262 1101 2289 eo.
1165 2247 1263 2296 Quo
1284 2252 1499 2288 attenuato
1520 2244 1693 2300 profun-

238 2310 413 2351 ditatem
434 2311 554 2352 dabis
575 2312 612 2352 ei
633 2326 729 2352 cum
760 2313 911 2354 malleo
933 2315 1114 2356 rotundo
1135 2315 1305 2355 interius
1334 2320 1376 2355 et
1405 2313 1598 2363 exterius,
1630 2312 1692 2351 in-

238 2377 447 2433 cipiesque
468 2378 625 2418 nodum
640 2379 820 2420 formare
834 2394 930 2420 cum
947 2381 1145 2422 mediocri
1162 2382 1313 2422 malleo
1329 2395 1452 2436 super
1468 2380 1690 2421 rotundam

237 2445 446 2495 incudem,
464 2451 506 2486 et
526 2445 761 2501 indesuper
776 2447 948 2502 longam
965 2462 1017 2488 ex
1034 2453 1210 2504 utraque
1231 2454 1360 2503 parte,
1382 2448 1516 2488 donec
1537 2447 1690 2487 collum

236 2518 322 2553 tam
344 2512 497 2567 gracile
518 2512 648 2553 facias
670 2513 778 2554 sicut
798 2514 1001 2566 volueris3
1032 2515 1115 2556 hoc
1135 2515 1356 2571 diligenter
1376 2528 1617 2570 procurans,
1637 2527 1690 2554 ne

235 2580 329 2634 plus
351 2579 393 2619 in
426 2594 513 2620 uno
535 2580 629 2621 loco
665 2581 875 2635 percutias
896 2597 1024 2637 quam
1044 2582 1088 2622 in
1112 2582 1256 2632 altero,
1277 2597 1330 2623 ne
1360 2582 1467 2623 forte
1487 2581 1623 2622 nodus
1645 2595 1690 2621 se

232 2645 275 2686 in
297 2646 479 2702 aliquam
511 2653 674 2702 partem
706 2648 891 2700 inclinet,
913 2649 986 2690 sed
1006 2649 1050 2689 in
1077 2649 1216 2690 medio
1237 2654 1332 2700 stet,
1354 2663 1405 2690 ex
1428 2649 1540 2690 omni
1572 2654 1691 2703 parte

235 2717 353 2771 aeque
375 2714 532 2768 spissus
553 2721 595 2754 et
628 2715 749 2756 latus.
813 2715 978 2756 Deinde
999 2731 1109 2771 pone
1141 2731 1236 2757 eum
1257 2730 1382 2772 super
1407 2716 1626 2767 carbones,
1647 2721 1691 2755 et

279 2843 289 2862 ¹
312 2845 333 2860 “
346 2843 465 2873 Deinde
480 2843 526 2873 fac
539 2843 596 2874 tibi
608 2843 825 2875 confectionem
837 2854 876 2874 ex
887 2843 1013 2875 faecibus
1024 2844 1112 2875 claris
1121 2848 1152 2875 et
1163 2844 1235 2881 sale,
1246 2843 1278 2874 in
1291 2854 1350 2883 qna
1361 2842 1520 2884 extingues
1530 2846 1687 2883 argentum

235 2898 376 2938 quotiens
390 2897 569 2928 recoxeris.”
615 2899 666 2929 Ex
680 2899 753 2929 MS.
773 2898 904 2938 Guelplc.
