1970 3202
281 265 367 307 364
759 279 1013 308 THEOPHILI
1049 279 1188 307 mima
1219 279 1290 307 111.

280 384 537 430 amoveatur,
561 379 633 420 sed
657 380 871 436 aliquanto
893 379 1029 436 spatio
1051 386 1254 430 teneatur,
1277 384 1324 419 ut
1343 379 1377 420 si
1397 393 1454 420 aes
1475 378 1738 420 descenderit

281 446 418 488 denuo
439 447 775 502 superfundatur.
838 447 964 497 Quod
994 448 1028 490 si
1056 454 1100 489 tu
1126 448 1180 488 ab
1209 447 1288 488 hoc
1313 447 1456 488 labore
1482 445 1736 501 portantium

283 519 325 555 et
360 514 523 557 diverse
558 515 819 556 fundentium
854 516 1062 557 retrahere
1093 515 1285 566 volueris,
1308 514 1475 571 acquire
1498 514 1571 555 tibi
1603 514 1738 555 maxi-

280 596 397 622 mum
427 583 628 624 cacabum
663 583 734 638 qui
765 583 818 624 sit
853 583 895 623 in
925 583 1057 624 fundo
1090 583 1277 639 aequalis,
1308 588 1350 624 et
1384 582 1451 623 fac
1482 582 1519 623 ei
1549 581 1738 623 foramen

281 665 411 691 unum
431 650 473 691 in
494 651 622 692 latere
643 651 830 707 ejusdem
853 651 985 702 fundi,
1006 657 1134 707 atque
1156 651 1322 706 cooperi
1343 665 1438 691 eum
1460 649 1607 706 argilla
1626 650 1738 691 intus

279 724 322 760 et
343 723 472 769 extra,
494 717 602 759 sicut
628 718 827 773 superius.
890 717 987 767 Quo
1017 718 1128 759 facto
1151 718 1271 760 sistes
1292 733 1387 760 eum
1412 719 1537 774 juxta
1557 718 1737 759 formam

278 801 365 827 non
402 786 567 841 longius
598 788 724 841 quam
757 785 942 841 quinque
973 786 1125 840 pedum
1163 786 1311 841 spatio,
1348 792 1391 827 et
1423 787 1664 842 circumfige
1701 785 1738 826 ei

279 854 457 910 paxillos
478 860 603 910 atque
625 854 766 909 ignem
796 868 891 894 cum
921 854 1173 895 carbonibus
1193 854 1361 910 inpone.
1422 854 1618 911 Cumque
1638 869 1738 895 can-

280 921 417 962 duerit
436 921 605 962 obstrue
631 921 819 962 foramen
850 936 946 963 cum
977 922 1135 977 argilla,
1157 922 1269 978 quod
1291 936 1458 963 versum
1480 922 1558 963 erit
1577 922 1631 962 ad
1652 922 1738 962 for-

281 1003 409 1039 mam,
430 994 471 1030 et
491 1003 697 1044 compone
725 989 762 1029 ei
783 989 897 1045 ligna
921 995 1113 1045 quatuor,
1140 983 1387 1045 et'paxillos
1407 990 1579 1031 interius
1599 989 1739 1030 forna-

280 1073 456 1115 cemque
488 1058 615 1100 facito
650 1059 693 1099 in
726 1059 914 1111 circuitu,
951 1060 1058 1101 sicut
1091 1060 1291 1116 superius.
1355 1060 1522 1101 Deinde
1556 1059 1738 1115 inposito

280 1141 409 1182 cupro
440 1141 535 1168 cum
566 1127 816 1168 carbonibus
847 1133 889 1168 et
917 1128 1029 1183 igne,
1060 1128 1346 1184 adpositisque
1371 1128 1503 1168 tribus
1524 1127 1739 1168 ordinibus

281 1195 455 1246 follium,
489 1194 555 1236 fac
590 1194 682 1236 flari
716 1195 896 1237 viriliter.
947 1209 949 1211 ’
988 1195 1160 1237 Interim
1194 1196 1352 1237 habeas
1387 1195 1547 1251 lignum
1580 1195 1738 1236 siccum

280 1268 408 1304 tantae
437 1262 710 1318 longitudinis
738 1269 785 1304 ut
810 1263 943 1319 possit
973 1264 1199 1319 procedere
1224 1278 1249 1304 a
1266 1263 1475 1304 foramine
1505 1263 1648 1304 cacabi
1672 1278 1739 1304 us-

280 1346 362 1389 que
392 1330 445 1372 ad
467 1346 515 1372 os
536 1331 695 1383 formae,
726 1332 845 1388 cujus
876 1338 1099 1373 curvatura
1120 1331 1173 1373 sit
1193 1331 1347 1387 ampla.
1409 1330 1536 1379 Quod
1568 1346 1662 1372 cum
1686 1346 1738 1372 ex

281 1399 397 1441 omni
428 1405 544 1455 parte
574 1400 849 1456 cooperiveris
879 1399 1026 1455 argilla
1046 1405 1088 1441 et
1115 1399 1299 1441 maxime
1331 1399 1532 1455 superius,
1559 1399 1739 1441 infodies

280 1468 339 1509 ita
358 1473 406 1509 ut
425 1468 583 1524 aequale
604 1468 659 1509 sit
677 1474 797 1509 terrae
818 1468 891 1510 sed
906 1469 1030 1525 juxta
1051 1468 1256 1510 cacabum
1277 1467 1442 1509 modice
1459 1467 1594 1519 altius,
1611 1472 1739 1523 atque

281 1535 533 1591 superfunde
565 1535 602 1576 ei
633 1535 787 1592 ignitos
816 1536 1033 1577 carbones.
1098 1535 1207 1576 Mox
1227 1535 1410 1591 inposito
1441 1541 1592 1591 stagno
1613 1541 1740 1591 atque

281 1610 495 1646 commoto
516 1618 659 1659 cupro,
688 1604 795 1646 sicut
815 1604 1003 1661 superius
1024 1619 1119 1645 cum
1141 1618 1267 1645 curvo
1287 1603 1395 1644 ferro
1416 1603 1531 1659 quod
1552 1603 1605 1644 sit
1623 1603 1739 1658 ligno

283 1672 445 1713 fortiter
465 1672 651 1724 affixum,
668 1673 782 1728 aperi
803 1673 1005 1724 foramen,
1022 1678 1063 1714 et
1084 1672 1331 1723 astantibus,
1348 1671 1420 1728 qui
1440 1676 1613 1712 teneant
1632 1672 1739 1712 duos

281 1740 505 1787 colatorios
535 1754 714 1795 pannos,
746 1742 835 1782 sine
866 1741 926 1783 eis
961 1741 1113 1792 fluere3
1148 1740 1358 1781 interdum
1385 1745 1528 1781 tamen
1555 1739 1738 1780 tenendo

281 1809 390 1850 sicut
418 1808 620 1864 superius
681 1807 874 1865 Cumque
904 1810 1039 1850 forma
1069 1809 1193 1865 plena
1223 1809 1358 1859 fuerit,
1389 1808 1423 1849 si
1450 1808 1552 1865 quid
1579 1808 1671 1849 aeris
1698 1809 1740 1849 in

282 1877 441 1918 cacabo
481 1876 692 1928 remansit,
729 1877 770 1917 in
813 1877 1052 1918 summitate
1091 1876 1193 1932 ligni
1234 1877 1368 1933 grossi
1408 1891 1518 1932 pone
1555 1891 1739 1918 massam

281 1943 438 1998 argillae
470 1948 512 1983 et
546 1948 642 1982 ante
676 1942 864 1984 foramen
897 1943 1058 1984 fortiter
1091 1942 1277 1998 impinge
1313 1947 1360 1983 ut
1395 1957 1490 1983 eum
1531 1942 1737 1983 obstruas.

285 2010 381 2051 Hoc
407 2015 585 2065 utroque
610 2009 737 2051 modo
759 2010 960 2052 fundendi
982 2011 1144 2066 possint
1164 2011 1289 2051 etiam
1322 2010 1503 2051 minores
1524 2024 1740 2065 campanae

283 2078 402 2119 fundi
422 2083 469 2119 ut
489 2078 721 2119 secundum
742 2079 1020 2134 quantitatem
1041 2094 1183 2120 earum
1205 2080 1309 2120 fiant
1328 2078 1489 2120 cacabi.

342 2477 453 2520 Cum
467 2493 565 2520 vero
578 2474 634 2520 aes
651 2478 693 2519 in
706 2477 906 2520 infusorio
923 2478 1147 2530 duraverit,
1162 2479 1228 2520 fac
1242 2484 1288 2519 ut
1303 2477 1492 2519 certatim
1506 2482 1613 2518 terra
1627 2477 1738 2533 ejici-

283 2552 377 2587 atur
396 2562 422 2588 a
442 2547 554 2589 fossa
575 2553 618 2588 et
638 2546 821 2588 exterius
843 2546 1104 2602 aliquantum
1127 2545 1389 2602 refrigeretur
1403 2551 1524 2587 terra.
1588 2545 1739 2601 Ejecta

282 2629 381 2655 vero
402 2621 524 2666 terra,
555 2614 646 2670 ipsa
667 2613 803 2655 forma
828 2613 1050 2655 inclinetur
1074 2613 1116 2654 in
1137 2628 1222 2655 uno
1243 2614 1371 2655 latere
1393 2620 1435 2655 et
1454 2620 1563 2655 terra
1583 2628 1738 2669 suppo-

282 2687 419 2733 natur,
436 2682 579 2738 sicque
599 2682 674 2725 fiat
693 2682 842 2732 donec,
860 2681 1009 2723 eodem
1030 2681 1157 2723 modo
1179 2696 1263 2737 quo
1284 2681 1477 2737 inposita,
1494 2686 1559 2722 est
1578 2696 1604 2722 a
1625 2681 1739 2723 fossa

283 2750 484 2806 ejiciatur.
546 2749 644 2798 Quo
666 2750 792 2801 facto,
815 2764 938 2805 super
958 2764 1088 2790 unum
1109 2750 1217 2790 latus
1238 2749 1409 2790 omnino
1431 2749 1679 2804 deponatur,
1696 2755 1739 2790 et

283 2832 381 2859 cum
402 2818 615 2859 securibus
631 2818 806 2874 aliisque
827 2817 944 2859 ferris
961 2817 1092 2858 acutis
1114 2817 1184 2873 qui
1206 2817 1289 2859 sint
1309 2817 1427 2858 infixi
1442 2817 1579 2873 longis
1600 2817 1738 2873 lignis,

281 2884 453 2926 interior
486 2885 633 2942 argilla
665 2885 856 2926 certatim
892 2885 1092 2941 ejiciatur,
1127 2886 1224 2941 quia
1255 2886 1289 2927 si
1325 2885 1587 2941 permittatur
1616 2885 1658 2926 in
1688 2900 1736 2926 ea
