1970 3202
280 252 365 293 358
745 268 1001 296 ΤΗΕΟΡΗΙΜ
1033 268 1171 296 LIBER
1203 269 1274 296 111.

281 365 472 421 desuper,
498 372 540 407 et
569 368 736 423 cooperi
764 369 922 423 argilla.
983 369 1187 425 Dumque
1214 368 1335 410 tertio
1365 369 1510 424 argilla
1540 383 1613 424 per
1642 383 1735 410 om-

281 432 351 474 nia
380 433 503 475 fuerit
531 435 701 487 siccata,
733 436 1003 492 circumpone
1032 437 1187 478 ferreos
1215 436 1390 478 circulos
1419 442 1506 477 tam
1527 437 1669 488 dense,
1690 442 1738 477 ut

281 515 367 542 non
388 502 481 557 plus
500 503 607 544 inter
627 505 733 545 duos
758 504 933 546 circulos
953 519 1079 560 quam
1101 504 1278 545 latitudo
1299 519 1463 556 manus,
1484 505 1636 560 quibus
1657 504 1736 545 cir-

282 568 383 610 culis
403 570 509 612 duas
529 570 698 627 argillas
719 586 967 628 superpone.
1023 571 1187 621 Quibus
1209 571 1373 613 siccatis
1388 578 1583 613 converte
1603 573 1737 627 ipsam

283 637 460 678 formam
481 638 523 678 in
543 640 665 690 latus,
687 646 729 680 et
752 639 793 679 in
814 639 998 681 interiori
1019 640 1180 695 argilla,
1202 639 1338 680 incide
1359 639 1515 681 fossam
1540 654 1737 695 magnam

282 704 325 745 in
346 705 521 747 circuitu
541 712 584 747 et
603 706 644 746 in
667 707 890 761 profundo,
908 715 956 748 ut
976 722 1062 748 non
1084 713 1298 748 remaneat
1319 707 1490 763 spissior
1513 723 1597 749 uno
1618 708 1739 763 pede,

284 773 383 828 quia
412 773 446 814 si
477 774 638 829 integra
668 780 778 815 esset
808 775 943 816 forma
972 775 1158 827 interius,
1186 789 1271 831 prae
1299 775 1427 816 nimio
1449 776 1633 831 pondere
1654 790 1739 816 non

285 841 417 895 possit
436 841 577 892 levari,
600 856 652 883 ne
674 856 757 897 prae
778 841 1045 897 spissitudine
1066 843 1321 899 transcoqui.

351 1233 516 1275 Deinde
532 1234 599 1276 fac
616 1235 782 1277 foveam
798 1236 841 1277 in
861 1237 955 1278 loco
973 1236 1045 1278 ubi
1060 1236 1239 1278 volueris
1254 1236 1390 1292 ipsam
1406 1235 1585 1277 formam
1602 1235 1743 1276 subin-

288 1307 398 1342 trare
418 1302 472 1343 ad
494 1305 819 1359 recoquendum,
841 1305 1094 1360 profundam
1116 1305 1348 1346 secundum
1369 1303 1633 1345 altitudinem
1655 1303 1745 1359 ejus

288 1369 330 1409 in
346 1369 576 1422 latitudine,
592 1377 634 1412 et
650 1386 744 1413 cum
762 1373 969 1428 lapidibus
985 1379 1110 1429 atque
1126 1372 1272 1429 argilla
1284 1373 1350 1414 fac
1371 1372 1413 1413 in
1430 1371 1744 1413 similitudinem

291 1438 566 1491 fundamenti,
587 1441 737 1495 pedem
755 1442 919 1494 fortem,
948 1457 1074 1498 supra
1089 1457 1214 1498 quem
1231 1442 1366 1483 forma
1386 1441 1514 1482 stabit
1528 1440 1746 1482 altitudine

291 1506 413 1547 unius
429 1507 560 1562 pedis,
582 1507 640 1548 ita
656 1514 702 1549 ut
718 1510 759 1550 in
777 1510 914 1552 medio
930 1511 1038 1551 ultra
1055 1510 1303 1551 indirectum
1321 1514 1548 1560 remaneat,
1566 1508 1746 1564 spatium

291 1575 412 1630 quasi
432 1575 513 1627 via,
535 1576 641 1630 pede
662 1583 703 1617 et
723 1578 896 1619 dimidio
917 1579 1016 1630 lata,
1037 1578 1080 1618 in
1100 1592 1185 1634 qua
1205 1578 1350 1618 ardeat
1369 1577 1479 1632 ignis
1500 1577 1577 1617 sub
1599 1577 1746 1618 forma.

293 1641 391 1691 Quo
413 1643 525 1685 facto
546 1645 712 1701 confige
733 1652 913 1702 quatuor
932 1646 1046 1702 ligna
1067 1660 1231 1687 sursum
1252 1644 1521 1700 procedentia
1541 1659 1674 1700 usque
1694 1644 1747 1685 ad

291 1711 573 1767 aequalitatem
593 1718 726 1765 terrae,
740 1713 865 1769 juxta
884 1714 1021 1769 ipsum
1042 1715 1207 1769 pedem,
1229 1719 1271 1755 et
1290 1712 1431 1754 statim
1453 1713 1564 1768 reple
1584 1712 1749 1754 foveam

291 1784 414 1820 terra.
476 1778 709 1837 Statimque
739 1781 923 1823 deduces
953 1782 1088 1838 ipsam
1119 1782 1298 1823 formam
1329 1786 1371 1822 et
1400 1786 1560 1822 statues
1587 1795 1678 1821 eam
1708 1780 1750 1820 in

295 1848 434 1889 medio
458 1848 668 1904 lignorum
698 1850 863 1891 illorum
894 1851 1111 1907 aequaliter
1140 1856 1181 1892 et
1210 1865 1262 1891 ex
1293 1864 1380 1890 una
1404 1854 1535 1904 parte,
1561 1849 1638 1890 sub
1659 1848 1751 1904 ipsa

296 1916 443 1968 forma,
464 1917 600 1973 incipe
620 1924 773 1960 terram
794 1919 957 1974 ejicere.
1018 1917 1212 1974 Cumque
1233 1932 1278 1959 se
1298 1917 1570 1968 inclinaverit,
1591 1916 1688 1958 fode
1709 1916 1751 1957 in

294 1991 412 2041 parte
442 1986 584 2037 altera,
610 1986 745 2027 donec
777 2001 822 2027 se
852 2001 1014 2028 rursum
1043 1986 1125 2027 illic
1154 1985 1337 2037 inclinet,
1368 1985 1511 2040 sicque
1540 1984 1669 2026 facies
1699 1999 1751 2025 ex

295 2060 471 2110 utraque
500 2059 618 2109 parte
647 2069 866 2111 quousque
891 2055 1027 2097 forma
1057 2069 1181 2111 super
1209 2054 1360 2110 pedem
1381 2053 1590 2109 lapideum
1610 2067 1753 2109 aequa-

295 2122 389 2163 liter
408 2121 564 2163 sedeat.
625 2122 735 2163 Mox
766 2123 910 2180 ejectis
939 2123 1077 2179 lignis,
1108 2137 1202 2179 quae
1230 2122 1285 2163 ad
1314 2121 1395 2163 hoc
1423 2122 1560 2162 solum
1586 2122 1754 2162 confixa

296 2190 462 2242 fuerint,
503 2195 549 2230 ut
586 2189 765 2231 formam
805 2194 916 2233 recte
955 2191 1224 2241 deducerent,
1273 2189 1583 2245 assumptisque
1619 2189 1754 2244 lapid-

295 2259 390 2300 ibus
425 2257 497 2314 qui
526 2257 742 2299 flammam
774 2259 939 2314 possint
969 2259 1173 2301 sustinere
1202 2267 1330 2315 atque
1359 2257 1507 2315 argilla
1540 2258 1606 2298 fac
1636 2271 1752 2298 oram

298 2341 351 2367 ex
391 2331 566 2381 utraque
605 2331 724 2380 parte
773 2332 872 2367 ante
916 2327 1017 2368 illud
1058 2327 1240 2383 spatium
1282 2326 1374 2378 viae,
1413 2340 1543 2382 quam
1581 2325 1624 2365 in
1665 2339 1754 2365 me-

298 2393 368 2435 dio
417 2393 537 2448 pedis
577 2393 791 2449 reliquisti,
832 2399 957 2450 atque
1006 2395 1050 2435 in
1099 2394 1272 2435 circuitu
1313 2407 1485 2449 operare
1525 2393 1753 2442 fornacem,

298 2461 435 2517 spatio
475 2460 635 2501 dimidii
670 2461 789 2517 pedis
829 2476 855 2503 a
894 2463 1041 2504 forma.
1104 2461 1296 2518 Cumque
1345 2460 1560 2516 operando
1610 2474 1755 2516 perve-

298 2529 408 2571 neris
438 2528 492 2570 ad
519 2529 704 2569 medium
735 2529 894 2582 formae,
926 2544 1059 2586 purga
1083 2544 1201 2571 oram
1226 2529 1422 2581 fornacis,
1453 2534 1496 2569 et
1520 2528 1562 2568 in
1593 2542 1667 2570 ora
1693 2528 1754 2583 ip-

299 2597 383 2638 sius
413 2597 559 2637 formae
592 2611 644 2637 ex
677 2602 853 2654 utraque
887 2604 1004 2654 parte
1036 2598 1103 2639 fac
1136 2611 1267 2639 unum
1302 2597 1505 2647 foramen,
1537 2610 1610 2651 per
1639 2595 1754 2651 quod

300 2666 430 2721 adeps
464 2665 596 2720 possit
639 2665 821 2718 effluere,
859 2665 1167 2722 suppositisque
1207 2665 1330 2717 vasis,
1379 2664 1520 2720 ignem
1561 2669 1604 2705 et
1645 2663 1756 2704 sicca

299 2734 413 2789 ligna
434 2732 599 2773 adhibe.
662 2732 719 2773 Et
749 2747 844 2774 cum
876 2733 1079 2776 calefacta
1108 2733 1243 2775 forma
1270 2733 1442 2789 coeperit
1468 2732 1598 2787 adeps
1628 2730 1755 2782 exire,

299 2801 451 2857 perfice
481 2800 587 2855 pede
617 2806 827 2855 tepentem
858 2801 1070 2844 fornacem
1103 2816 1234 2857 usque
1270 2802 1324 2843 ad
1355 2815 1565 2842 summum
1596 2799 1755 2849 formae,

299 2876 341 2909 et
361 2883 484 2924 super
506 2883 552 2909 os
575 2882 704 2923 pones
726 2871 966 2924 operculum
983 2885 1034 2910 ex
1057 2870 1200 2925 argilla
1224 2870 1309 2911 sive
1331 2884 1383 2910 ex
1405 2869 1525 2910 ferro.
1588 2866 1756 2908 Educto
