1970 3202
281 261 366 302 362
744 272 1000 301 'rnnopmm
1032 272 1170 299 LIBER
1201 272 1271 299 111.

282 389 393 430 pone
414 389 587 430 cuprum
615 373 837 415 ordinatim
859 373 1018 428 absque
1040 378 1205 427 stagno,
1238 377 1365 428 atque
1384 371 1621 413 intermisce
1640 386 1733 413 car-

283 442 414 482 bones
436 442 635 498 adjiciens
656 440 920 482 abundanter
937 439 1140 497 superius,
1162 439 1471 495 interjectisque
1486 439 1628 495 ignitis
1646 454 1738 480 car-

282 507 462 551 bonibus
485 510 552 551 fac
575 515 621 550 ut
641 509 761 550 folles
780 508 984 563 incipiant
1002 507 1119 558 flare,
1141 507 1276 562 primo
1298 507 1576 559 mediocriter,
1590 507 1742 548 deinde

282 577 419 632 magis
432 592 482 619 ac
496 577 648 632 magis.
700 575 895 630 Cumque
912 574 1065 615 videris
1078 575 1295 616 flammam
1310 574 1482 616 viridem
1500 575 1741 626 ascendere,

276 645 367 700 jam
387 645 534 700 incipit
550 658 727 699 cuprum
746 643 991 698 liquescere,
1014 656 1198 698 moxque
1215 657 1341 698 super
1358 657 1521 697 ponens
1537 642 1743 683 carbones

282 711 559 763 abundanter,
581 725 744 752 recurre
765 710 817 751 ad
851 710 1063 750 fornacem
1094 709 1254 760 formae,
1276 716 1318 750 et
1338 724 1363 751 a
1384 710 1585 765 superiori
1605 710 1743 765 incipe

283 779 421 834 longis
457 778 684 834 forcipibus
719 778 880 833 lapides
919 778 1095 818 evellere
1134 783 1176 818 et
1216 778 1328 820 foras
1365 778 1581 834 projicere.
1646 778 1744 819 Hoc

284 861 391 901 opus
411 846 455 886 in
476 846 557 887 hoc
579 846 674 886 loco
695 860 780 886 non
796 845 946 901 quaerit
962 845 1106 900 pigros
1126 845 1351 900 operarios,
1373 846 1446 886 sed
1467 845 1598 901 agiles
1618 851 1745 902 atque

285 915 510 965 studiosos,
532 929 584 955 ne
606 914 855 969 cujusquam
876 913 1049 965 incuria,
1072 913 1135 954 vel
1156 913 1292 954 forma
1312 913 1544 970 frangatur,
1564 915 1631 955 vel
1651 914 1746 970 quis

284 982 411 1022 alium
432 982 633 1037 impediat
653 988 726 1022 aut
754 981 892 1032 laedat,
914 981 1001 1022 sive
1029 981 1083 1022 ad
1109 981 1367 1023 iracundiam
1398 989 1609 1038 provocet,
1630 982 1744 1038 quod

284 1050 456 1092 omnino
477 1050 711 1091 cavendum
732 1056 807 1090 est.
871 1049 1029 1105 Ejectis
1050 1064 1149 1090 vero
1171 1050 1340 1093 omnino
1361 1050 1567 1106 lapidibus
1588 1056 1631 1091 et
1649 1051 1747 1105 igne

285 1119 425 1160 denuo
450 1117 640 1158 certatim
669 1124 894 1173 reponatur
917 1124 1038 1170 terra,
1060 1123 1106 1158 ut
1131 1118 1245 1159 fossa
1269 1119 1406 1160 omnis
1431 1118 1542 1159 circa
1569 1119 1745 1159 formam

286 1186 506 1241 diligenter
527 1186 748 1241 repleatur,
770 1191 812 1226 et
832 1185 916 1227 sint
943 1186 1015 1242 qui
1043 1200 1209 1242 semper
1229 1186 1486 1227 circumeant
1507 1201 1602 1227 cum
1622 1186 1747 1241 lignis

289 1254 464 1306 obtusis,
485 1253 749 1295 mediocriter
778 1253 1053 1309 impingendo
1077 1259 1120 1295 et
1146 1253 1323 1309 pedibus
1349 1254 1509 1295 fortiter
1530 1254 1746 1305 calcando,

288 1327 336 1363 ut
362 1327 472 1363 terra
499 1337 594 1379 quae
619 1321 831 1377 inponitur
854 1321 1034 1362 formam
1060 1327 1235 1377 premat,
1262 1336 1314 1363 ne
1339 1337 1434 1363 cum
1463 1322 1628 1378 pondus
1656 1322 1748 1363 aeris

289 1389 520 1431 infunditur
542 1389 756 1431 ullomodo
778 1389 916 1445 frangi
936 1389 1080 1446 possit.

353 1913 533 1969 Repleta
548 1912 673 1968 igitur
685 1912 766 1953 hoc
782 1911 910 1953 modo
924 1912 1039 1953 fossa
1056 1927 1190 1968 usque
1204 1913 1258 1954 ad
1275 1928 1500 1965 summum,
1520 1927 1685 1955 recurre
1698 1913 1751 1955 ad

294 1982 489 2033 cacabos,
503 1987 545 2023 et
559 1982 676 2037 ligno
690 1981 820 2036 longo
834 1985 876 2021 et
887 1980 1047 2022 torrido
1063 1995 1283 2022 commove
1300 1995 1489 2037 cuprum,
1505 1988 1548 2023 et
1559 1982 1593 2023 si
1613 1997 1753 2023 sense-

295 2050 350 2091 ris
372 2050 542 2092 omnino
563 2048 832 2105 liquefactum
852 2047 1006 2103 inpone
1028 2054 1241 2104 stagnum,
1263 2064 1512 2106 rursumque
1534 2065 1754 2092 commove

295 2119 516 2175 diligenter
536 2123 583 2159 ut
602 2118 711 2159 bene
731 2117 1066 2169 commisceatur,
1089 2117 1307 2174 fractaque
1327 2118 1497 2159 fornace
1518 2118 1560 2159 in
1581 2118 1754 2160 circuitu

296 2188 449 2228 induce
474 2187 558 2228 duo
579 2186 696 2242 ligna
716 2186 841 2227 fortia
865 2190 908 2227 et
927 2186 1056 2242 longa
1077 2186 1120 2227 in
1141 2200 1262 2227 aures
1283 2186 1443 2239 cacabi,
1473 2186 1755 2243 adhibitisque

296 2255 394 2296 viris
410 2255 588 2296 strenuis
604 2260 647 2295 et
661 2254 705 2294 in
718 2254 798 2294 hac
810 2259 900 2294 arte
917 2254 1071 2309 peritis,
1093 2254 1160 2295 fac
1174 2269 1269 2295 eum
1284 2255 1412 2295 levari
1425 2269 1522 2296 cum
1535 2254 1650 2296 omni
1662 2254 1755 2295 dili-

297 2324 440 2380 gentia
453 2329 495 2364 et
507 2323 560 2363 ad
578 2322 754 2363 formam
773 2321 937 2373 deferri,
959 2322 1188 2379 ejectisque
1203 2322 1454 2364 carbonibus
1470 2328 1513 2364 et
1529 2321 1680 2363 favillis
1693 2327 1755 2363 at-

297 2405 379 2446 que
392 2390 589 2447 imposito
603 2389 819 2431 collatorio
833 2403 974 2444 panno
990 2389 1056 2430 fac
1070 2393 1237 2432 morose
1249 2390 1425 2432 infundi.
1459 2389 1633 2430 Interim
1647 2389 1756 2430 cuba

291 2459 417 2514 juxta
437 2473 485 2500 os
508 2458 655 2500 formae
678 2457 822 2499 auditu
845 2457 1064 2512 diligenter
1085 2457 1356 2498 considerans
1379 2457 1558 2513 qualiter
1578 2459 1627 2498 eo
1647 2456 1756 2498 intro

299 2527 525 2582 procedat;
557 2532 601 2568 et
619 2526 654 2567 si
670 2525 848 2567 senseris
869 2525 989 2582 quasi
1009 2525 1100 2566 leve
1117 2539 1303 2566 murmur
1323 2525 1492 2576 tonitru,
1509 2524 1576 2566 dic
1597 2530 1643 2566 ut
1663 2539 1757 2566 mo-

299 2595 392 2637 dice
412 2600 598 2646 teneant,
623 2607 871 2649 rursumque
897 2592 1145 2645 infundant;
1177 2592 1320 2649 sicque
1343 2593 1554 2635 interdum
1573 2593 1757 2635 tenendo

298 2669 341 2705 et
375 2663 524 2705 iterum
558 2662 820 2704 infundendo
859 2662 935 2703 fiat
972 2666 1020 2702 ut
1058 2676 1115 2702 aes
1147 2661 1361 2717 aequaliter
1396 2661 1587 2714 resideat,
1622 2662 1757 2704 donec

300 2737 524 2774 evacuetur
558 2731 741 2772 cacabus
774 2729 856 2772 ille.
918 2728 1017 2777 Quo
1049 2734 1208 2781 amoto,
1246 2744 1343 2770 mox
1379 2730 1485 2771 alter
1516 2730 1680 2772 delatus
1715 2730 1758 2771 in

301 2799 451 2841 eodem
473 2799 567 2840 loco
595 2803 816 2850 statuatur,
838 2798 914 2839 fiat
942 2797 995 2838 de
1019 2811 1070 2838 eo
1092 2797 1200 2838 sicut
1224 2812 1275 2839 ex
1297 2798 1436 2855 priori,
1457 2804 1500 2839 et
1519 2798 1608 2854 pari
1629 2798 1758 2839 modo

301 2868 355 2910 de
375 2866 496 2909 tertio
518 2867 652 2909 donec
674 2881 731 2907 aes
751 2865 793 2906 in
814 2865 1016 2907 infusorio
1040 2865 1241 2907 videatur.
1301 2866 1391 2908 Nec
1413 2866 1555 2908 statim
1577 2866 1757 2908 cacabus
