1970 3202
287 257 372 298 416
637 278 642 285 ·
896 272 1133 300 ADDENDA.

284 385 422 426 penna
442 370 566 411 exire.
629 371 757 420 Quod
787 371 931 428 utique
961 373 1015 413 ad
1046 387 1192 413 omnes
1222 372 1383 414 colores
1404 373 1527 424 valet,
1559 379 1601 415 et
1621 374 1656 416 si
1676 375 1741 416 ni-

283 438 396 493 grior
415 438 550 490 fuerit,
571 438 635 480 bis
651 440 715 480 vel
735 445 797 480 ter
817 441 976 482 lavabis
997 440 1123 497 aqua,
1141 442 1206 483 vel
1228 447 1270 483 et
1290 442 1482 497 amplius,
1505 449 1547 484 et
1567 444 1628 485 sic
1649 459 1741 486 me-

281 505 496 546 liorabitur
514 521 588 561 per
608 507 702 548 duae
717 508 782 548 vel
802 513 888 549 tres
911 509 1013 559 dies,
1036 514 1155 563 potes
1175 509 1218 549 in
1239 524 1289 550 eo
1306 508 1516 550 dimittere
1537 511 1737 563 claream,

282 573 355 613 sed
386 588 511 629 quam
546 574 697 629 saepius
727 575 908 616 mutabis
939 581 1056 616 tanto
1087 576 1232 617 melior
1260 576 1349 618 erit.
1413 576 1545 618 Potes
1567 592 1738 634 quoque

282 641 579 696 distemperare
601 656 699 682 azur
724 643 933 698 albugine,
965 643 1153 685 fricando
1181 644 1312 700 digito
1333 644 1376 684 in
1397 645 1582 696 vasculo,
1604 645 1740 687 donec

280 708 382 749 satis
405 709 470 760 sit,
493 714 534 749 et
563 715 710 764 postea
739 710 898 750 lavabis
929 725 1025 751 cum
1055 725 1179 767 aqua,
1201 717 1243 752 et
1272 726 1322 752 eo
1344 712 1501 753 siccato
1523 727 1633 767 pone
1654 714 1741 754 cla-

280 790 395 817 ream
416 790 578 831 puram,
600 782 641 817 et
670 782 767 831 post
787 777 881 817 duae
901 778 966 818 vel
989 783 1074 819 tres
1096 779 1184 819 dies
1204 779 1354 820 iterum
1375 779 1537 820 lavabis
1558 794 1635 835 pro
1657 795 1739 822 ovo

279 843 508 884 inveterato
530 848 571 883 et
591 843 710 899 nigro
732 844 858 895 facto,
877 850 918 885 et
939 845 1100 886 dimitte
1116 846 1251 888 donec
1273 846 1478 888 siccatum
1494 847 1548 888 sit
1568 853 1740 903 propter

282 910 501 952 humorem
522 925 657 967 aquae.

641 1210 701 1237 DE
732 1209 1101 1237 TEMPERAMENTO
1132 1196 1393 1237 cononum&

396 1297 642 1339 ZURIUM
667 1298 970 1339 Saracenorum
985 1298 1146 1339 bonum
1161 1304 1236 1339 est.
1291 1297 1400 1339 Item
1417 1298 1529 1340 aliud
1552 1300 1738 1341 azurium

452 1367 708 1418 Romanum,
740 1372 782 1408 et
813 1367 923 1407 aliud
955 1366 1107 1406 dicitur
1137 1365 1327 1406 indium:
1360 1365 1490 1406 viride
1523 1366 1738 1419 Graecum,

280 1434 409 1476 viride
430 1440 635 1486 terrestre,
652 1434 936 1485 vermiculum,
958 1433 1147 1484 minium,
1168 1433 1310 1473 album
1332 1433 1384 1474 de
1406 1434 1573 1489 Apulia,
1595 1435 1738 1476 album

281 1502 334 1543 de
367 1502 544 1553 ossibus,
578 1507 620 1543 et
651 1502 792 1542 album
825 1502 877 1542 de
908 1501 1096 1556 plumbo,
1128 1500 1341 1551 brisillum,
1373 1502 1737 1558 auripigmentum,

282 1584 439 1620 oerum,
487 1569 714 1620 safranum,
773 1569 995 1624 sinoplum,
1043 1583 1204 1624 gorma,
1250 1568 1562 1624 distemperatio
1603 1569 1737 1621 bruni,

283 1637 465 1694 gipsum,
485 1637 688 1678 foliolum.

341 1773 393 1814 In
413 1788 523 1815 azur.
547 1773 744 1815 Romano
765 1779 905 1829 potest
925 1773 1090 1814 misceri
1111 1773 1253 1814 album
1273 1772 1326 1814 de
1341 1773 1510 1829 Apulia.
1529 1772 1642 1815 Item
1663 1788 1737 1829 po-

280 1847 363 1883 test
382 1841 548 1883 misceri
569 1841 864 1897 auripigmenti
885 1846 927 1882 et
943 1846 1007 1888 est
1022 1840 1152 1882 viride
1173 1855 1381 1882 croceum.
1419 1840 1528 1882 Item
1550 1841 1585 1882 si
1604 1855 1737 1896 ponas
1795 1836 1797 1839 ⁵

281 1909 396 1951 brisil
424 1909 500 1950 erit
515 1923 709 1965 purpura.
774 1908 884 1949 Item
913 1908 947 1949 si
975 1922 1108 1964 ponas
1136 1908 1409 1949 vermiculum
1437 1909 1515 1950 erit
1541 1908 1732 1953 brunum.

281 1977 426 2018 Viride
447 1978 500 2018 de
526 1977 678 2033 graecia
710 1981 849 2032 potest
876 1975 1043 2017 misceri
1064 1991 1162 2017 cum
1187 1976 1284 2017 albo
1305 1976 1357 2017 de
1378 1976 1534 2032 Apulia
1554 1981 1737 2033 utroque

280 2061 377 2087 cum
397 2045 495 2087 vino
523 2051 768 2100 temperato,
799 2050 938 2085 autem
961 2049 1056 2085 utro
1086 2044 1253 2085 illorum
1274 2059 1370 2085 cum
1392 2059 1487 2096 ovo,
1519 2049 1561 2085 et
1581 2043 1642 2085 sic
1661 2045 1736 2085 fiet

280 2114 424 2155 album
445 2113 588 2154 viride.
654 2112 762 2153 Item
793 2111 828 2153 si
858 2126 992 2167 ponas
1017 2111 1059 2152 in
1090 2111 1210 2152 viridi
1240 2112 1468 2163 safranum,
1499 2111 1576 2153 erit
1606 2111 1736 2152 viride

278 2196 487 2232 croceum,
502 2181 561 2222 ita
573 2186 716 2221 tamen
736 2179 771 2220 si
784 2194 880 2220 cum
897 2179 996 2220 vino
1013 2179 1227 2220 safranum
1248 2179 1372 2221 fuerit
1391 2179 1734 2235 distemperatum

279 2250 388 2291 adde
418 2254 460 2290 et
488 2248 523 2289 si
552 2246 616 2289 vis
646 2247 817 2294 album„
863 2247 1028 2288 Eodem
1059 2247 1187 2288 modo
1218 2247 1271 2289 de
1301 2247 1421 2288 viridi
1451 2248 1634 2289 terrestri
1659 2262 1734 2289 ex-

278 2322 401 2372 cepto
422 2316 535 2372 quod
567 2315 734 2356 molitur
753 2329 848 2355 cum
871 2329 995 2370 aqua,
1026 2320 1068 2356 et
1087 2320 1236 2370 postea
1260 2315 1429 2371 ponitur
1449 2314 1492 2355 in
1512 2329 1563 2356 ea
1583 2315 1733 2356 clarea.

281 2385 334 2426 In
366 2383 591 2425 vermiculo
625 2382 660 2423 si
694 2382 870 2423 misceas
901 2382 1044 2423 album
1077 2382 1151 2422 fiet
1180 2382 1426 2424 carminum.
1488 2380 1533 2422 Si
1553 2382 1733 2423 misceas

277 2467 377 2494 azur
397 2465 615 2493 romanum
636 2450 713 2491 erit
733 2449 926 2490 brunum.
986 2448 1143 2489 Album
1164 2449 1218 2490 de
1232 2450 1386 2506 Apulia
1412 2455 1550 2506 potest
1569 2449 1734 2491 misceri

278 2535 374 2562 cum
416 2533 540 2560 azuro
570 2518 675 2569 solo,
708 2523 751 2558 et
778 2517 928 2558 iterum
958 2531 1054 2558 cum
1088 2531 1214 2558 azuro
1244 2523 1286 2558 et
1315 2518 1487 2570 brisillo,
1513 2523 1556 2558 et
1583 2517 1733 2558 iterum

277 2603 375 2629 cum
401 2601 525 2628 azuro
547 2599 734 2637 romano,
765 2599 930 2626 necnon
957 2589 1000 2625 et
1030 2589 1170 2639 potest
1199 2584 1363 2626 misceri
1391 2599 1486 2626 cum
1507 2584 1629 2626 viridi
1647 2591 1733 2626 ter-

276 2655 407 2696 restri.
467 2654 624 2694 Album
648 2652 700 2693 de
730 2652 893 2693 ossibus
923 2666 1019 2693 cum
1049 2651 1355 2708 auripigmento
1382 2658 1523 2709 potest
1551 2653 1730 2704 misceri,

278 2737 373 2780 quae
412 2721 594 2762 mixtura
622 2720 675 2760 de
714 2720 796 2761 alio
836 2719 925 2760 fieri
946 2734 1033 2761 non
1062 2724 1214 2775 potest,
1251 2721 1365 2776 quod
1404 2721 1548 2777 utique
1588 2720 1730 2761 album

275 2795 440 2831 tantum
480 2787 707 2844 pictoribus
751 2793 815 2828 est
853 2786 1148 2829 necessarium.
1227 2788 1592 2845 Auripigmentum
1632 2802 1729 2829 cum

774 2884 782 2902 ¹
807 2886 828 2900 “
838 2885 877 2916 ab
894 2884 1011 2916 Eraclio
1027 2885 1197 2925 excerpt0.’'
