1970 3202
240 280 318 321 124
713 296 961 325 'rasorium
994 297 1131 326 mmm
1160 298 1208 327 11.

716 485 1028 548 CAPUT
1091 485 1211 548 VI.

479 631 703 663 QUOMODO
734 632 1002 660 OPERENTUR
1032 633 1211 660 VITREAE
1241 631 1444 661 TABULAE.

369 730 493 772 ΑΝΕ
524 737 663 772 autem
684 731 786 772 hora
818 732 951 787 prima
981 732 1122 787 accipe
1153 733 1335 774 fistulam
1367 732 1557 783 ferream,
1579 738 1621 774 et
1650 733 1685 773 si

386 798 551 839 tabulas
581 798 718 839 facere
748 799 926 839 volueris
957 800 1122 850 vitreas,
1143 814 1253 854 pone
1283 800 1567 841 summitatem
1597 802 1686 856 ejus

233 866 275 906 in
296 880 371 906 vas
399 879 543 915 unum,
566 865 671 906 vitro
693 866 884 921 plenum3
918 867 985 907 cui
1016 882 1111 908 cum
1144 867 1378 918 adhaeserit,
1400 868 1520 908 volve
1550 868 1685 924 ipsam

233 933 413 974 fistulam
444 932 487 972 in
518 946 645 973 manu
676 939 748 974 tua
774 934 909 975 donec
930 936 1263 990 conglomeretur
1282 935 1390 976 circa
1421 949 1530 987 eam,
1550 950 1686 992 quan-

233 1006 323 1041 tum
343 1001 546 1052 volueris;
579 1015 761 1057 moxque
782 1002 950 1057 ejiciens
971 1017 1135 1058 appone
1157 1002 1217 1042 ori
1239 1010 1311 1043 tuo
1333 1008 1374 1043 et
1403 1002 1526 1043 suffla
1553 1003 1687 1044 modi-

233 1082 343 1118 cum,
357 1068 583 1124 statimque
604 1083 821 1111 removens
842 1070 896 1111 ab
917 1085 988 1111 ore
1009 1076 1103 1111 tene
1117 1070 1242 1126 juxta
1255 1069 1484 1121 maxillam,
1498 1084 1550 1111 ne
1567 1070 1686 1122 forte,

233 1136 266 1177 si
289 1137 507 1178 retraxeris
528 1137 771 1189 anhelitum,
793 1138 934 1179 trahas
956 1138 1171 1179 flammam
1192 1138 1235 1178 in
1256 1152 1304 1178 os
1320 1142 1454 1178 tuum.
1516 1136 1686 1178 Habeas

233 1219 401 1260 quoque
422 1204 601 1260 lapidem
623 1206 826 1262 aequalem
857 1212 953 1247 ante
984 1206 1211 1247 fenestram
1233 1219 1358 1261 super
1377 1219 1502 1261 quem
1523 1204 1686 1246 modice

234 1273 438 1327 percuties
467 1273 602 1328 ipsum
630 1274 813 1315 candens
835 1274 1002 1326 vitrum,
1021 1280 1069 1315 ut
1098 1273 1312 1330 aequaliter
1341 1287 1393 1314 ex
1424 1272 1539 1314 omni
1568 1279 1686 1328 parte

232 1341 427 1396 pendeat,
449 1347 491 1382 et
511 1342 653 1383 statim
674 1357 771 1383 cum
793 1342 1058 1384 festinatione
1079 1342 1227 1383 crebro
1249 1341 1438 1393 sufflans,
1457 1340 1611 1382 totiens
1632 1341 1686 1381 ab

233 1424 303 1451 ore
335 1424 517 1451 remove.
592 1409 785 1467 Cumque
815 1410 968 1452 videris
999 1410 1101 1451 illud
1133 1409 1252 1466 quasi
1286 1410 1466 1451 vesicam
1498 1409 1684 1464 longam,

233 1477 386 1518 adhibe
419 1478 704 1519 summitatem
737 1479 825 1534 ejus
857 1479 911 1519 ad
947 1479 1177 1529 flammam,
1209 1483 1251 1519 et
1281 1477 1424 1518 statim
1459 1477 1685 1533 liquefacto

232 1546 450 1601 apparebit
479 1546 681 1598 foramen,
712 1552 970 1603 acceptoque
999 1547 1114 1602 liguo
1146 1546 1200 1587 ad
1232 1546 1312 1587 hoc
1342 1560 1448 1601 opus
1477 1550 1592 1600 apto,
1618 1544 1685 1585 fac

232 1612 420 1654 foramen
442 1615 630 1670 amplum
649 1615 757 1656 sicut
776 1620 840 1656 est
862 1615 905 1655 in
936 1614 1088 1655 medio.
1151 1613 1318 1670 Deinde
1339 1613 1547 1669 conjunge
1569 1627 1684 1654 oram

231 1680 375 1736 ipsius,
405 1682 660 1738 superiorem
688 1683 880 1724 videlicet
910 1688 1071 1738 partem
1102 1683 1156 1723 ad
1186 1682 1437 1732 inferiorem,
1466 1681 1527 1722 ita
1556 1687 1604 1722 ut
1632 1696 1684 1722 ex

231 1755 407 1806 utraque
448 1756 565 1806 parte
599 1750 904 1807 conjunctionis
940 1751 1129 1791 foramen
1164 1755 1376 1805 appareat.
1449 1749 1686 1806 Statimque

232 1832 326 1858 cum
359 1818 531 1859 humido
561 1819 675 1875 ligno
705 1819 902 1875 continge
932 1819 1067 1875 ipsum
1089 1819 1240 1859 vitrum
1265 1818 1389 1874 juxta
1418 1818 1616 1869 fistulam,
1645 1825 1686 1859 et

232 1893 379 1927 excute
416 1886 627 1928 modicum
664 1893 705 1927 et
740 1886 1009 1942 separabitur.
1073 1886 1179 1927 Mox
1211 1886 1336 1928 etiam
1367 1886 1523 1927 calefac
1550 1886 1684 1942 ipsam

233 1956 416 1997 fistulam
446 1956 488 1995 in
519 1955 692 1997 flamma
723 1955 915 2006 fornacis,
937 1956 1071 1997 donec
1102 1955 1288 2011 liquefiat
1317 1954 1469 1995 vitrum
1502 1955 1615 2010 quod
1648 1956 1683 1996 ei

226 2024 430 2080 jungitur,
453 2030 494 2065 et
525 2038 621 2064 cum
652 2023 916 2065 festinatione
948 2038 1057 2079 pone
1078 2038 1202 2079 super
1222 2037 1316 2065 oras
1337 2023 1441 2064 duas
1462 2022 1557 2063 vitri
1586 2037 1686 2064 con-

224 2091 394 2145 junctas
436 2098 477 2132 et
516 2092 760 2133 adhaerebit.
839 2091 966 2140 Quod
1018 2092 1215 2133 continuo
1266 2091 1434 2132 elevans
1485 2090 1603 2132 mitte
1643 2091 1685 2132 in

231 2154 403 2200 flamma
425 2160 605 2201 fornacis
626 2159 761 2201 donec
790 2160 978 2216 liquefiat
1008 2159 1196 2201 foramen
1217 2159 1327 2200 unde
1358 2158 1470 2215 prius
1501 2159 1684 2200 fistulam

231 2228 445 2282 separasti,
467 2234 509 2269 et
529 2234 703 2284 accepto
734 2228 850 2284 ligno
870 2227 1050 2269 rotundo
1081 2227 1211 2268 dilata
1239 2227 1339 2268 illud
1371 2227 1478 2268 sicut
1507 2227 1684 2268 alterum

231 2302 272 2336 et
292 2296 548 2352 complicans
569 2310 686 2336 oram
707 2296 859 2351 ejusin
890 2296 1029 2337 medio
1061 2294 1342 2352 separansque
1373 2309 1398 2335 a
1428 2295 1567 2335 fistula
1587 2308 1683 2335 cum

229 2362 344 2418 ligno
374 2363 562 2414 humido,
589 2364 644 2405 da
664 2378 807 2419 puero,
828 2363 900 2420 qui
931 2363 1102 2404 inducto
1133 2363 1249 2418 ligno
1280 2376 1353 2417 per
1384 2362 1574 2403 foramen
1594 2362 1684 2417 ejus

231 2430 414 2484 portabit
445 2431 489 2471 in
523 2431 689 2488 furnum
720 2431 934 2488 refrigerii,
964 2431 1036 2487 qui
1066 2430 1327 2472 mediocriter
1359 2430 1586 2472 calefactus
1617 2429 1682 2471 sit.

231 2497 327 2539 Hoc
360 2513 492 2553 genus
524 2499 618 2540 vitri
654 2514 804 2555 purum
836 2505 900 2541 est
933 2505 974 2540 et
1001 2499 1156 2540 album.
1212 2498 1376 2540 Eodem
1405 2498 1532 2539 modo
1558 2503 1683 2554 atque

230 2564 377 2605 eodem
409 2572 596 2622 tempore
627 2581 798 2622 operare
829 2566 985 2608 similes
1015 2572 1154 2623 partes
1185 2566 1293 2619 vitri,
1323 2566 1458 2608 donec
1480 2580 1580 2607 vasa
1610 2580 1685 2607 ex-

232 2632 413 2674 haurias.
