1970 3202
276 264 360 305 300
740 274 994 303 'rm-:omnm
1029 273 1166 302 mmm
1198 274 1267 302 111.

269 377 361 431 jam
382 376 538 418 formae.
601 375 719 425 Quas
750 375 921 417 omnino
943 375 1118 417 siccatas
1149 389 1279 431 pones
1301 374 1354 415 ad
1385 373 1539 430 ignem,
1560 378 1603 416 et
1631 389 1725 431 cum

277 444 490 486 calefactae
503 443 668 494 fiierint,
685 457 824 485 ceram
839 443 1136 500 liquescentem
1155 443 1284 483 funde
1298 442 1341 483 in
1357 456 1525 498 aquam,
1547 457 1729 483 rursum-

278 526 358 567 que
378 525 487 567 pone
508 511 561 552 ad
582 511 736 566 ignem,
759 511 901 567 sicque
921 511 1048 552 facies
1069 511 1206 552 donec
1227 525 1366 551 ceram
1397 509 1569 551 omnino
1591 508 1728 549 eicias.

280 579 388 620 Post
407 579 496 619 haec
526 578 570 619 in
604 579 697 619 loco
719 584 818 633 apto
850 584 894 619 et
914 578 1065 634 aequali
1090 593 1221 634 pones
1253 577 1457 619 carbones
1492 590 1660 632 grossos
1691 582 1733 616 et

279 646 468 701 frigidos,
490 661 613 702 super
632 661 738 702 quos
759 646 942 687 stabilies
958 646 1128 697 formas,
1150 645 1422 687 foraminibus
1441 644 1610 685 inferius
1632 658 1733 684 con-

280 713 423 765 versis,
444 721 486 755 et
515 714 805 769 circumpones
825 713 884 755 eis
914 714 1073 769 lapides
1100 713 1240 764 duros,
1262 713 1335 769 qui
1355 713 1510 754 resilire·
1529 726 1613 752 non
1635 726 1734 766 pos-

280 783 365 823 sint
384 782 438 823 ad
459 783 640 823 calorem
660 782 783 837 ignis,
804 787 847 822 et
866 782 1078 822 ordinabis
1103 796 1175 823 eos
1196 781 1379 837 lapidem
1410 794 1532 836 super
1552 779 1734 835 lapidem

281 850 324 890 in
346 849 658 891 similitudinem
675 848 782 889 muri
803 849 962 904 absque
978 854 1305 904 temperamento
1323 849 1469 899 siccos,
1491 848 1550 889 ita
1568 853 1616 888 ut
1630 847 1736 888 inter

281 917 441 972 lapides
473 917 606 957 multa
638 916 844 958 foramina
879 922 922 957 et
957 917 1129 971 parvula
1162 922 1419 957 remaneant.
1482 915 1651 964 Quibus
1676 914 1736 955 ita

282 985 538 1040 compositis,
560 984 684 1025 altius
714 999 842 1040 quam
874 984 1020 1025 formae
1041 984 1124 1025 sint
1157 983 1292 1039 spatio
1313 983 1473 1024 dimidii
1506 983 1638 1038 pedis,
1659 982 1738 1023 cir-

284 1052 508 1094 cumfunde
544 1052 747 1093 carbones
782 1052 987 1103 ardentes,
1024 1065 1073 1093 ac
1108 1051 1259 1093 deinde
1294 1051 1469 1107 frigidos
1509 1065 1642 1107 usque
1682 1051 1738 1092 ad

284 1135 508 1171 summum,
530 1126 572 1161 et
592 1134 692 1161 cave
713 1126 760 1160 ut
786 1125 949 1160 tantum
974 1119 1096 1175 spatii
1121 1119 1174 1160 sit
1193 1119 1301 1160 inter
1325 1119 1482 1163 formas
1503 1124 1545 1160 et
1563 1119 1738 1175 lapides,

285 1189 399 1245 quod
413 1189 615 1230 carbones
636 1202 785 1243 capere
798 1187 943 1243 possit.
1000 1186 1194 1243 Cumque
1211 1187 1413 1228 carbones
1430 1201 1576 1228 omnes
1591 1187 1739 1227 incan-

285 1257 463 1307 duerint,
485 1255 693 1297 interdum
715 1254 858 1311 gracili
874 1255 989 1311 ligno
1002 1255 1198 1296 movendi
1214 1260 1312 1296 sunt
1327 1254 1654 1311 circumquoque
1667 1268 1740 1310 per

286 1324 492 1365 foramina
525 1324 632 1364 inter
666 1323 827 1378 lapides
862 1328 909 1363 ut
941 1337 985 1363 se
1019 1322 1291 1378 conjungant,
1327 1328 1369 1364 et
1401 1323 1514 1364 calor
1538 1337 1591 1363 ex
1626 1321 1742 1363 omni

287 1397 405 1447 parte
425 1391 597 1448 aequalis
618 1391 684 1432 sit.
746 1390 804 1431 Et
836 1405 932 1431 cum
959 1391 1002 1430 in
1023 1396 1186 1431 tantum
1207 1390 1498 1431 descenderint
1516 1395 1564 1431 ut
1582 1389 1740 1430 formas

288 1459 427 1501 videre
448 1459 597 1515 possis,
615 1458 765 1500 iterum
785 1458 910 1514 imple
941 1457 1101 1513 frigidis
1122 1458 1373 1499 carbonibus
1393 1472 1526 1514 usque
1552 1458 1606 1498 ad
1628 1471 1743 1498 sum-

288 1542 419 1578 mum,
441 1526 585 1582 sicque
619 1525 740 1566 tertio
776 1525 915 1566 facies.
978 1525 1036 1566 Et
1065 1540 1161 1566 cum
1192 1526 1342 1567 videris
1373 1526 1529 1568 formas
1560 1524 1741 1566 exterius

289 1595 550 1645 candescere,
568 1608 678 1649 pone
709 1608 783 1634 vas
818 1593 861 1633 in
894 1594 1035 1648 ignem
1063 1608 1158 1634 cum
1189 1594 1393 1635 auricalco
1424 1593 1538 1650 quod
1570 1592 1744 1633 fundere

290 1662 482 1713 volueris,
504 1667 546 1703 et
565 1662 745 1717 primum
768 1660 945 1711 modice,
966 1660 1117 1702 deinde
1139 1661 1273 1717 magis
1294 1661 1512 1717 magisque
1540 1660 1742 1710 sufflabis,

291 1732 427 1773 donec
462 1730 632 1772 omnino
668 1729 866 1786 liquefiat.
928 1728 1026 1777 Quo
1063 1729 1173 1770 facto
1207 1744 1302 1770 cum
1336 1743 1462 1770 curvo
1498 1728 1604 1770 ferro
1633 1734 1674 1769 et
1702 1728 1746 1768 in

292 1799 406 1855 ligno
439 1799 571 1839 infixo
600 1798 821 1853 diligenter
859 1811 1091 1848 commove,
1113 1803 1155 1838 et
1178 1811 1251 1837 vas
1284 1797 1327 1837 in
1359 1797 1467 1837 latus
1500 1796 1612 1836 aliud
1645 1783 1762 1837 con-⁴

292 1873 431 1918 verte;
464 1880 710 1922 rursumque
746 1866 954 1906 auricalco
994 1865 1119 1920 imple
1150 1870 1192 1906 et
1228 1865 1399 1915 calefac,
1435 1865 1578 1920 sicque
1618 1862 1747 1904 facies

292 1936 429 1976 donec
446 1949 519 1976 vas
541 1935 710 1990 plenum
731 1934 818 1984 fiat,
840 1938 882 1974 et
902 1933 1040 1974 denuo
1054 1947 1149 1973 cum
1166 1947 1296 1974 curvo
1318 1933 1427 1974 ferro
1448 1931 1747 1981 commovebis,

294 2009 337 2044 et
353 2017 378 2043 a
398 2002 649 2043 carbonibus
670 2001 881 2057 purgabis,
903 2006 945 2041 et
966 2000 1177 2041 sufflatore
1198 1999 1356 2041 fortiter
1386 1999 1514 2040 flante
1535 1998 1748 2054 cooperies

294 2070 460 2126 magnis
481 2069 745 2111 carbonibus.
807 2068 974 2109 Deinde
990 2067 1141 2108 amotis
1161 2067 1368 2123 lapidibus
1384 2067 1539 2108 formas
1559 2065 1682 2107 eicies
1694 2066 1749 2107 ab

294 2137 406 2193 igne,
428 2143 470 2178 et
498 2137 687 2193 argillam
716 2136 979 2178 abundanter
999 2135 1111 2191 aqua
1132 2135 1343 2191 perfusam
1364 2140 1491 2191 atque
1511 2134 1554 2175 in
1575 2134 1749 2175 modum

295 2204 397 2245 fecis
429 2209 688 2245 attenuatam
720 2218 816 2245 cum
850 2218 991 2259 panno
1026 2203 1245 2259 diligenter
1281 2202 1567 2253 circumlinies,
1607 2202 1749 2258 sicque

290 2274 415 2328 juxta
434 2272 660 2324 fornacem,
680 2272 725 2313 in
745 2287 871 2328 quam
902 2272 1059 2322 fundis,
1078 2271 1195 2313 fossa
1215 2270 1331 2312 facta
1351 2271 1506 2312 formas
1535 2269 1690 2325 inpone
1710 2276 1752 2311 et

297 2347 451 2382 terram
471 2340 795 2396 circumquaque
827 2353 1049 2394 exaggera,
1071 2344 1113 2380 et
1142 2339 1256 2395 ligno
1286 2338 1457 2379 inferius
1483 2337 1632 2394 aequali
1663 2352 1753 2379 cre-

297 2409 412 2449 brius
449 2408 706 2464 inpingendo
750 2407 969 2463 diligenter
1009 2406 1252 2461 comprime.
1313 2405 1547 2461 Statimque
1593 2404 1751 2447 habeas

298 2491 385 2532 prae
415 2476 609 2517 manibus
643 2475 914 2531 panniculum
944 2473 1223 2529 multipliciter
1251 2473 1548 2529 complicatum
1580 2478 1622 2514 et
1650 2474 1751 2514 fisso

299 2543 413 2599 ligno
434 2543 690 2600 impositum,
711 2543 930 2598 ejectoque
945 2541 1150 2582 vassiculo
1174 2541 1228 2581 ab
1248 2541 1346 2597 igne
1366 2555 1462 2582 cum
1483 2541 1640 2596 forcipe
1660 2555 1753 2582 cur-

300 2617 397 2653 vato
418 2618 564 2665 rostro,
585 2617 627 2653 et
658 2610 880 2667 panniculo
914 2608 1122 2665 apposito,
1144 2608 1215 2664 qui
1246 2608 1390 2650 sordes
1421 2615 1465 2650 et
1485 2608 1647 2650 favillas
1678 2610 1752 2651 de-
