1970 3202
362 281 446 322 306
834 296 1085 325 ΤΗΕΟΡΗῙΗ
1118 297 1254 325 mni-:R
1286 298 1356 325 111.

361 395 499 437 denuo
528 395 635 451 lapis
657 412 669 448 ;
701 395 846 452 sicque
876 396 951 438 fiat
980 396 1116 438 donec
1144 397 1198 439 ad
1229 397 1506 453 capacitatem
1529 397 1710 438 sufficiat
1731 397 1817 437 sor-

360 463 491 504 nacis.
552 462 745 520 Cumque
766 464 872 519 lapis
893 464 1066 520 coeperit
1094 464 1310 521 liquefieri,
1332 479 1406 520 per
1426 465 1670 506 cavernulas
1690 479 1816 521 quas-

360 531 459 572 dam
494 531 711 586 plumbum
745 533 876 573 effluit
895 539 937 574 et
966 548 1141 589 cuprum
1167 533 1277 575 intro
1299 539 1499 574 remanet.
1561 532 1689 581 Quod
1719 546 1816 590 cum

360 599 592 640 diutissime
612 599 843 641 conflatum
871 600 1007 651 fuerit,
1029 601 1316 657 refrigeratum
1344 607 1387 642 et
1411 600 1567 652 eicitur,
1589 605 1632 641 et
1653 614 1816 640 rursum

360 666 473 707 aliud
505 668 653 708 eodem
686 668 830 709 ordine
861 668 1100 723 imponitur.
1162 668 1274 710 Huic
1305 683 1434 724 cupro
1462 668 1597 709 taliter
1621 667 1715 709 fuso
1740 667 1816 707 ad-

358 734 556 775 miscetur
575 735 722 790 quinta
747 749 843 790 pars
864 735 1015 790 stagni,
1036 741 1078 776 et
1105 735 1324 776 conficitur
1345 736 1575 788 metallum,
1597 750 1682 791 quo
1703 749 1817 776 cam-

360 816 480 857 panae
501 802 743 844 funduntur.

420 868 635 910 Invenitur
665 870 792 911 etiam
829 885 961 926 genus
995 871 1145 927 lapidis
1182 871 1398 912 subcrocei
1427 870 1591 921 coloris,
1622 876 1664 911 et
1692 870 1818 910 inter-

359 937 459 977 dum
481 937 609 988 rufus,
627 938 698 993 qui
720 938 925 978 calamina
941 938 1105 990 dicitur,
1126 938 1198 994 qui
1218 953 1303 979 non
1320 938 1559 980 confractus
1574 937 1601 989 ¹,
1622 938 1817 979 miscetur

362 1005 615 1046 carbonibus
646 1006 817 1047 omnino
850 1006 1133 1057 comminutis,
1163 1011 1205 1047 et
1234 1005 1474 1061 supradicto
1504 1019 1632 1060 cupro
1662 1005 1703 1046 in
1734 1004 1818 1045 for-

360 1086 464 1112 nace
486 1073 793 1125 commiscetur,
814 1074 927 1130 quod
948 1074 1029 1116 hoc
1051 1074 1178 1116 modo
1199 1073 1479 1129 componitur.

770 1528 1074 1592 CAPUT
1150 1527 1400 1590 LXIV.

926 1691 987 1719 DE
1018 1689 1240 1719 FORNACE.

441 1801 599 1843 TANT
619 1807 801 1858 quatuor
820 1801 980 1857 lapides
1011 1800 1054 1841 in
1084 1801 1255 1842 modum
1277 1800 1424 1853 crucis,
1445 1814 1470 1842 a
1491 1815 1535 1842 se
1556 1800 1816 1857 longitudine

498 1869 621 1911 unius
651 1870 769 1926 pedis
799 1869 995 1926 separati,
1025 1868 1176 1924 partim
1208 1868 1252 1909 in
1283 1874 1392 1910 terra
1421 1868 1587 1920 firmati,
1618 1869 1692 1910 sed
1722 1868 1815 1909 alti-

358 1938 504 1979 tudine
539 1939 656 1993 pedis
689 1939 812 1979 unius
848 1952 973 1993 super
1006 1943 1160 1978 terram
1195 1936 1410 1993 aequaliter
1444 1936 1740 1992 prominentes,
1773 1941 1817 1978 et

357 2019 504 2046 omnes
525 2005 568 2045 in
589 2005 787 2061 superiori
818 2011 936 2061 parte
960 2005 1156 2061 aequales.
1218 2003 1351 2060 Super
1375 2004 1452 2045 hos
1473 2004 1631 2060 lapides
1651 2018 1815 2059 ponun-

356 2076 423 2111 tur
443 2078 623 2127 quatuor
643 2073 738 2114 ferri
760 2073 1038 2130 quadranguli
1063 2071 1344 2128 grossitudine
1365 2071 1487 2113 unius
1507 2071 1639 2127 digiti,
1660 2076 1703 2112 et
1720 2072 1813 2112 lon-

324 2140 326 2143 ’
356 2138 544 2194 gitudine
565 2146 612 2181 ut
631 2141 795 2197 possint
814 2141 868 2183 ab
889 2156 973 2183 uno
1000 2140 1139 2197 lapide
1160 2141 1214 2182 ad
1234 2141 1411 2181 alterum
1432 2139 1637 2195 protendi.
1699 2139 1814 2181 Inter

355 2207 435 2249 hos
457 2208 582 2249 medii
603 2215 815 2264 ponuntur
835 2209 904 2251 alii
924 2209 1022 2251 ferri
1043 2209 1232 2265 ejusdem
1252 2222 1473 2259 mensurae,
1494 2207 1642 2264 aequali
1663 2207 1812 2263 spatio,

354 2275 399 2316 id
429 2281 493 2316 est
521 2276 737 2318 latitudine
767 2277 891 2318 trium
927 2277 1152 2334 digitorum
1184 2291 1209 2317 a
1239 2291 1285 2317 se
1314 2276 1518 2332 separati:
1554 2290 1677 2331 super
1705 2290 1812 2331 quos

353 2343 479 2385 etiam
500 2343 543 2384 in
559 2350 798 2386 transverso
819 2351 1032 2401 ponuntur
1048 2344 1117 2386 alii
1138 2342 1274 2385 forma
1289 2349 1331 2384 et
1350 2343 1550 2385 mensura
1569 2342 1810 2384 inferiorum

354 2411 517 2466 aequali,
538 2411 597 2452 ita
626 2417 674 2453 ut
702 2412 909 2453 foramina
929 2412 1149 2453 videantur
1178 2426 1269 2453 esse
1289 2411 1592 2467 quadrangula.
1654 2410 1733 2452 His
1752 2411 1811 2452 ita

354 2479 575 2531 distinctis,
596 2494 720 2535 super
740 2479 853 2535 ipsos
882 2479 1014 2521 ferros
1043 2485 1224 2535 ponatur
1251 2479 1398 2534 argilla
1419 2478 1579 2519 fortiter
1599 2484 1811 2520 macerata

354 2553 397 2588 et
425 2547 526 2588 fimo
557 2547 654 2603 equi
684 2547 928 2599 commixta,
958 2547 1229 2603 spissitudine
1258 2549 1384 2587 trium
1414 2545 1655 2602 digitorum,
1685 2547 1744 2588 ita
1763 2552 1811 2588 ut

352 2615 452 2671 ipsis
473 2615 589 2657 ferris
610 2622 737 2672 atque
767 2615 975 2671 lapidibus
1006 2630 1058 2656 ex
1080 2614 1195 2656 omni
1219 2620 1335 2671 parte
1356 2614 1581 2666 adhaereat‚
1603 2620 1645 2655 et
1664 2614 1722 2656 ita
1743 2614 1808 2666 sit,

352 2683 473 2738 quasi
492 2683 600 2724 lares
616 2683 796 2725 rotunda
811 2698 936 2740 super
952 2683 1112 2739 lapides
1125 2683 1281 2739 jaceat.
1334 2682 1500 2724 Deinde
1516 2696 1612 2723 cum
1628 2682 1808 2723 rotundo

396 2806 404 2824 ¹
430 2809 449 2823 “
460 2806 522 2838 Sed
536 2808 581 2838 ita
596 2812 631 2838 ut
645 2807 796 2847 effoditur,
811 2807 901 2849 lignis
910 2807 1060 2848 congestis
1074 2811 1106 2838 et
1121 2807 1313 2839 abundanter
1322 2806 1472 2837 succensis
1481 2804 1656 2846 imponitur,
1671 2809 1703 2835 et
1713 2805 1808 2836 donec

351 2862 473 2892 omnino
495 2862 624 2892 candeat
646 2862 838 2893 comburitur.
885 2861 946 2901 Qui
969 2862 1045 2903 lapis
1071 2867 1138 2902 post
1163 2861 1229 2893 haec
1250 2861 1444 2902 refrigeratus
1466 2866 1498 2892 et
1519 2860 1719 2892 minutissime
1740 2870 1808 2892 con-

349 2914 488 2945 fractus.”
533 2916 586 2946 Ex
603 2916 677 2947 cod.
697 2916 827 2956 Guelph.
