1970 3202
267 283 350 323 268
738 294 987 322 THEOPHILI
1018 294 1154 321 mmm
1186 294 1254 321 111.

683 576 986 638 CAPUT
1062 575 1314 638 XLIX.

756 721 816 748 DE
846 720 970 748 AURO
1001 719 1247 748 ARENARIO.

378 818 443 860 ST
459 818 571 859 aliud
588 832 735 859 aurum
751 818 865 873 quod
882 817 1031 858 dicitur
1046 818 1325 870 harenarium,
1341 818 1455 874 quod
1471 817 1671 874 reperitur
1686 817 1729 857 in

404 885 612 927 littoribus
630 886 740 927 Reni
756 886 838 927 hoc
854 886 996 927 modo.
1031 886 1264 927 Fodiuntur
1278 887 1446 928 harenae
1460 886 1503 926 in
1517 886 1620 927 locis
1637 885 1729 936 illis,

274 954 348 995 ubi
382 968 479 1009 spes
514 953 746 1009 reperiendi
783 959 859 1003 est,
891 959 933 994 et
968 959 1181 1009 ponuntur
1211 968 1335 1010 super
1363 954 1523 1009 ligneas
1551 954 1730 995 tabulas.

276 1021 442 1063 Deinde
482 1021 797 1076 superfunditur
836 1035 947 1077 aqua
988 1021 1225 1077 frequenter
1264 1027 1307 1062 et
1341 1020 1573 1076 diligenter,
1614 1021 1732 1061 efflu-

274 1090 523 1146 entibusque
543 1089 710 1130 harenis
731 1095 918 1130 remanet
936 1103 1082 1129 aurum
1104 1088 1433 1140 subtilissimum,
1455 1088 1568 1144 quod
1590 1088 1731 1143 singu-

273 1158 414 1199 lariter
447 1158 491 1198 in
520 1158 692 1198 vasculo
724 1156 949 1212 reponitur.
1011 1155 1205 1212 Cumque
1237 1170 1311 1197 vas
1343 1155 1562 1197 dimidium
1595 1155 1731 1206 fuerit,

274 1225 504 1280 imponitur
530 1225 672 1266 vivum
703 1230 938 1280 argentum,
967 1230 1009 1264 et
1038 1238 1166 1264 manu
1197 1223 1356 1264 fortiter
1385 1223 1567 1275 fricatur,
1597 1223 1732 1264 donec

275 1293 450 1335 omnino
480 1293 815 1344 commisceatur,
848 1292 990 1349 sicque
1021 1292 1204 1347 positum
1236 1291 1279 1332 in
1315 1306 1500 1347 pannum
1537 1291 1732 1332 subtilem

274 1366 547 1417 extorquetur
574 1361 715 1402 vivum
746 1366 990 1416 argentum3
1022 1360 1136 1416 quod
1164 1375 1263 1401 vero
1294 1360 1538 1400 remanserit
1567 1359 1734 1415 ponitur

274 1427 318 1467 in
340 1442 412 1469 vas
434 1428 632 1470 fusorium
656 1434 698 1469 et
718 1428 918 1469 funditur.

781 1831 1088 1896 CAPUT
1167 1832 1232 1896 L

621 1978 682 2006 DE
713 1977 1007 2006 FABRICANDO
1038 1977 1192 2008 AUREO
1223 1979 1399 2008 CALICE.

345 2075 538 2120 GITUR
575 2077 860 2132 cujuscunque
889 2077 1053 2132 generis
1083 2092 1229 2119 aurum
1260 2078 1468 2130 habueris,
1499 2077 1533 2119 si
1563 2076 1736 2119 calicem

328 2144 332 2147 ’
372 2147 469 2187 inde
501 2159 754 2200 componere
786 2144 978 2197 volueris,
1010 2151 1052 2186 et
1085 2160 1232 2187 ornare
1263 2138 1472 2202 lapidibus
1501 2151 1544 2186 et
1575 2145 1738 2186 electris

282 2221 410 2270 atque
435 2212 684 2267 margaritis,
704 2211 787 2253 hoc
815 2212 943 2253 modo
971 2213 1157 2269 incipies.
1218 2213 1408 2255 Primum
1439 2213 1572 2269 proba
1599 2217 1739 2268 partes

282 2282 469 2337 singulas
505 2280 607 2331 auri,
643 2280 678 2321 si
717 2285 896 2335 possunt
930 2295 1026 2321 cum
1067 2281 1220 2322 malleo
1259 2280 1432 2337 percuti,
1467 2281 1528 2322 sic
1566 2285 1614 2321 ut
1651 2294 1735 2320 non

281 2349 509 2399 findantur,
541 2353 583 2388 et
612 2347 811 2403 quicquid
843 2362 929 2388 non
959 2348 1131 2389 finditur
1161 2348 1424 2404 singulariter
1453 2362 1585 2403 pone;
1622 2346 1737 2402 quod

282 2431 380 2457 vero
401 2415 586 2466 finditur,
607 2414 867 2469 singulariter
886 2420 936 2455 ut
955 2422 1173 2471 coquatur.
1226 2415 1392 2457 Deinde
1413 2415 1556 2469 accipe
1575 2419 1737 2469 partem

281 2483 423 2525 lateris
453 2482 576 2534 cocti,
607 2488 649 2523 et
679 2482 908 2523 secundum
940 2483 1219 2538 quantitatem
1255 2484 1344 2524 auri
1373 2483 1471 2524 fode
1500 2483 1543 2522 in
1572 2496 1622 2522 eo
1652 2481 1737 2522 fos·

283 2566 439 2603 suram,
460 2565 554 2606 quae
574 2550 675 2590 illud
699 2564 847 2605 capere
867 2551 1024 2606 possit;
1058 2557 1100 2592 et
1129 2551 1164 2592 si
1193 2566 1279 2593 non
1309 2551 1466 2592 habeas
1486 2551 1674 2599 laterem,
1694 2549 1739 2588 in

283 2618 423 2673 lapide
443 2617 615 2658 sabuleo
637 2616 736 2657 item
758 2617 935 2672 quadro,
958 2617 1071 2660 facta
1100 2617 1259 2660 fossula
1287 2633 1383 2660 cum
1411 2618 1534 2668 ferro,
1555 2616 1674 2656 mitte
1695 2615 1739 2656 in

285 2684 490 2725 carbones
512 2690 555 2724 et
574 2684 712 2725 suffla.
772 2683 966 2740 Cumque
982 2686 1209 2737 canduerit,
1227 2687 1396 2741 impone
1417 2699 1578 2735 aurum,
1593 2697 1739 2738 super-

279 2751 487 2807 jectisque
516 2750 770 2792 carbonibus
798 2752 921 2793 suffla
948 2752 1192 2804 diutissime,
1215 2760 1340 2808 atque
1368 2753 1545 2808 ejectum
1572 2758 1739 2806 percute

286 2834 383 2861 cum
413 2820 588 2870 malleo3
621 2819 655 2858 si
686 2833 772 2859 non
804 2818 1021 2875 frangitur,
1052 2821 1206 2861 sufficit
1236 2821 1296 2872 ei;
1327 2820 1363 2861 si
1392 2834 1491 2860 vero
1521 2818 1738 2873 frangitur,

285 2901 410 2942 super
445 2886 573 2927 alium
609 2885 790 2940 lapidem
824 2885 973 2927 iterum
1010 2902 1176 2942 repone,
1213 2894 1255 2929 et
1289 2888 1371 2929 hoc
1406 2885 1564 2928 tamdiu
1595 2885 1739 2936 facias,
