1970 3202
342 281 426 322 292
809 294 1060 324 'runopmm
1092 296 1225 324 mmm
1255 296 1323 324 111.

344 394 551 451 Paradysi
572 393 756 435 humana
773 396 911 450 specie
933 411 1028 437 cum
1046 396 1131 437 suis
1149 396 1374 452 amphoris,
1392 397 1543 454 quibus
1559 397 1797 439 effundatur

343 462 466 517 quasi
500 462 660 519 species
693 462 860 504 fluentis
895 478 1028 520 aquae.
1091 463 1142 504 In
1172 465 1338 520 angulis
1367 479 1480 516 vero,
1511 465 1662 521 quibus
1691 480 1795 506 con-

336 530 576 585 junguntur
596 530 750 582 circuli,
772 531 955 587 figantur
975 531 1113 586 capita
1133 531 1302 573 leonum
1324 532 1410 574 sive
1430 532 1558 574 facies
1578 532 1795 573 hominum

345 597 397 638 de
432 598 584 654 quibus
621 612 747 653 supra
782 598 980 650 diximus,
1015 599 1072 640 ita
1108 605 1155 640 ut
1187 599 1368 641 inferiori
1404 605 1521 655 parte
1557 599 1798 641 adhaereant

344 665 473 706 facies
502 665 545 706 in
575 666 728 722 quibus
759 666 975 707 firmentur
1005 671 1175 719 catenae,
1197 672 1240 708 et
1268 666 1310 708 in
1341 667 1540 723 superiori
1570 668 1707 724 capilli
1731 669 1797 709 vel

345 747 491 785 comae,
523 748 596 789 per
626 748 731 790 quas
760 738 978 776 transeant
1008 734 1110 790 ipsae
1142 740 1312 777 catenae.
1375 735 1502 785 Quod
1532 736 1568 778 si
1598 751 1671 792 pes
1701 751 1794 778 cum

344 800 435 855 ipsa
474 801 656 842 inferiori
695 808 812 856 parte
853 808 1036 858 nequeat
1076 802 1248 857 percuti,
1289 803 1365 844 fiat
1409 803 1671 859 singulariter
1711 804 1797 845 sive

344 867 490 909 ductili
510 869 596 910 sive
617 868 725 909 fusili
746 883 884 925 opere,
906 874 948 910 et
975 869 1216 925 imponatur
1242 884 1337 910 cum
1367 870 1594 912 solidatura
1622 877 1796 927 argento

346 941 387 975 et
422 950 550 991 cupro
587 936 735 988 mixta,
772 937 824 978 de
860 951 944 993 qua
980 951 1106 992 supra
1141 936 1335 978 diximus.
1396 937 1562 993 Lylium
1597 953 1695 980 vero
1732 938 1798 980 cui

345 1003 493 1043 anulus
515 1003 792 1060 imponendus
813 1009 890 1056 est,
907 1010 949 1045 et
964 1004 1031 1046 cui
1052 1009 1212 1045 catenae
1233 1003 1421 1060 superius
1442 1004 1667 1060 infigendae
1687 1011 1797 1058 sunt,

345 1069 420 1111 fiat
447 1070 634 1112 similiter
661 1071 805 1113 ductili
836 1071 923 1112 sive
953 1071 1062 1113 fusili
1090 1086 1227 1127 opere,
1249 1071 1292 1112 in
1319 1086 1403 1127 quo
1423 1071 1655 1113 formentur
1673 1073 1798 1114 flores

344 1143 417 1179 aut
456 1139 629 1181 aviculae
673 1139 760 1181 sive
803 1139 991 1181 bestiolae
1036 1140 1267 1181 secundum
1308 1139 1551 1197 qualitatem
1592 1140 1799 1183 inferioris

345 1206 494 1262 operis.
554 1206 656 1249 Hoc
697 1207 926 1249 turibulum
967 1207 1001 1249 si
1041 1208 1165 1249 fuerit
1200 1213 1444 1264 argenteum
1479 1213 1551 1249 aut
1586 1222 1798 1263 cupreum,

343 1274 497 1330 poterit
531 1275 721 1317 deaurari
756 1275 901 1317 ordine
936 1290 1022 1332 quo
1059 1290 1197 1332 supra.
1259 1275 1388 1324 Quod
1429 1274 1463 1316 si
1498 1275 1591 1331 quis
1625 1276 1802 1316 voluerit

343 1342 529 1384 laborem
554 1358 780 1399 apponere,
801 1349 847 1385 ut
871 1343 1099 1385 turibulum
1127 1343 1380 1399 pretiosioris
1402 1342 1538 1398 operis
1558 1349 1799 1399 componat,

343 1410 656 1452 similitudinem
689 1411 881 1463 civitatis,
914 1426 1042 1468 quam
1077 1411 1182 1453 vidit
1215 1410 1424 1468 propheta
1456 1410 1499 1451 in
1531 1415 1687 1461 monte,
1719 1410 1801 1451 hoc

345 1478 473 1538 modo
496 1479 727 1535 exprimere
747 1479 911 1536 poterit.

798 1835 1098 1899 CAPUT
1175 1836 1358 1898 LXI.

799 1970 859 1998 DE
890 1969 1159 1998 THURIBULO
1191 1969 1349 1997 FUSILI.

448 2067 603 2110 OLLE
619 2068 809 2124 argillam
826 2083 912 2110 non
928 2067 1203 2110 commixtam
1219 2073 1261 2108 et
1276 2067 1383 2108 bene
1399 2073 1668 2119 maceratam,
1682 2073 1725 2109 et
1737 2068 1803 2109 fac

476 2136 631 2178 siccare
661 2137 714 2178 ad
749 2137 894 2189 solem,
926 2137 1210 2191 siccatamque
1245 2135 1483 2177 comminue
1512 2141 1555 2176 et
1584 2135 1804 2191 diligenter

349 2204 496 2245 cribra.
558 2203 877 2261 Cribratamque
907 2203 1020 2260 aqua
1053 2203 1278 2245 commisce
1309 2208 1351 2244 et
1381 2202 1539 2243 fortiter
1561 2217 1740 2255 macera,
1762 2209 1805 2245 et

349 2272 500 2314 exinde
520 2287 725 2328 compone
745 2273 821 2314 tibi
841 2273 945 2314 duas
966 2286 1142 2323 massas,
1164 2271 1218 2313 ad
1239 2270 1572 2327 magnitudinem
1592 2285 1720 2327 quam
1741 2271 1804 2313 vis

349 2341 505 2382 habere
537 2341 778 2393 turibulum,
813 2355 942 2382 unam
981 2340 1232 2391 inferiorem,
1268 2344 1311 2380 et
1340 2338 1514 2379 alteram
1550 2338 1804 2394 superiorem

350 2423 444 2464 quae
476 2408 623 2451 ¹latior
652 2407 753 2460 erit;
785 2422 879 2464 quae
908 2422 1059 2449 massae
1078 2413 1282 2449 vocantur
1311 2406 1460 2448 nuclei.
1522 2405 1643 2455 Quos
1662 2406 1803 2448 statim

350 2476 579 2532 perforabis
598 2476 714 2532 ligno
743 2476 788 2517 in
817 2475 1078 2531 longitudine
1098 2475 1142 2516 in
1162 2481 1341 2532 quatuor
1360 2474 1488 2516 costis
1508 2474 1721 2530 aequaliter
1740 2474 1803 2515 in-

350 2545 450 2595 ciso,
485 2544 628 2600 sicque
668 2544 844 2586 siccabis
879 2544 932 2585 ad
973 2544 1117 2585 solem.
1184 2543 1292 2584 Post
1330 2542 1420 2583 haec
1459 2542 1705 2584 transduces
1744 2543 1804 2583 eis

350 2614 519 2664 ferrum,
541 2612 653 2669 quod
675 2612 826 2653 dicitur
854 2612 1062 2663 tornatile,
1083 2612 1257 2667 longum
1284 2616 1327 2652 et
1355 2609 1619 2651 mediocriter
1638 2610 1803 2666 gracile,

350 2681 463 2736 quod
495 2681 548 2722 sit
575 2680 619 2721 in
649 2695 733 2722 una
764 2679 1002 2721 summitate
1031 2679 1217 2735 grossius
1241 2678 1285 2720 in
1315 2683 1494 2735 quatuor
1514 2677 1641 2719 costis
1661 2691 1805 2733 aequa-

349 2748 440 2790 liter
469 2762 729 2803 pemussum,
758 2762 808 2790 ac
838 2748 973 2803 magis
1005 2746 1223 2803 magisque
1252 2745 1405 2802 gracile
1434 2744 1647 2786 deductim
1671 2758 1804 2800 usque

350 2817 393 2856 in
428 2816 568 2868 finem,
609 2816 651 2858 in
688 2816 808 2872 cujus
844 2815 1041 2871 grossiori
1076 2820 1192 2871 parte
1232 2814 1457 2870 inponatur
1496 2812 1607 2853 aliud
1649 2812 1806 2861 ferrum-

822 2926 830 2944 ¹
855 2926 975 2957 “altior
984 2926 1000 2938 ’¹
1016 2925 1049 2956 in
1066 2924 1140 2956 Cod.
1157 2922 1285 2963 Guelph.
