1970 3202
346 281 401 323 38
825 296 1078 326 THEOPHILI
1111 298 1247 326 LIBER
1281 298 1309 326 1.

346 394 526 435 molatur
546 410 596 437 eo
619 396 777 448 ordine,
799 412 883 452 quo
899 398 1028 453 prius,
1051 399 1185 440 donec
1206 399 1377 441 omnino
1408 405 1530 440 exeat
1550 414 1646 440 cum
1667 414 1789 456 aqua.

343 461 434 502 Tali
463 463 590 505 modo
620 464 862 505 molendum
892 470 956 506 est
975 470 1210 521 argentum,
1233 466 1499 518 auricalcum,
1529 473 1571 508 et
1601 481 1788 522 cuprum.

344 527 429 570 Sed
449 543 596 572 aurum
616 531 856 587 diligentius
876 537 940 574 θεῖ
958 538 1001 574 θῖ
1019 533 1168 574 leniter
1187 533 1451 585 trahendum,
1472 533 1705 590 saepiusque
1726 549 1790 576 re-

341 596 600 652 spiciendum
620 599 718 654 quia
738 599 903 640 mollius
922 606 986 641 est
1001 601 1147 641 ceteris
1167 601 1359 652 metallis,
1380 615 1434 642 ne
1454 601 1559 642 forte
1580 601 1792 642 adhaereat

341 664 583 708 molendino
603 667 668 708 vel
690 667 842 722 pistillo
863 673 904 708 et
933 668 1280 724 conglomeretur.
1341 667 1470 717 Quod
1492 668 1527 708 si
1558 682 1630 722 per
1660 668 1789 723 negli-

341 732 528 787 gentiam
575 734 811 789 contigerit‚
852 735 965 791 quod
1013 735 1372 791 conglomeratum
1413 741 1477 776 est
1516 735 1709 776 eradatur
1748 740 1790 775 et

340 799 540 856 ejiciatur,
561 807 603 843 et
633 802 748 857 quod
780 802 987 858 reliquum
1018 808 1082 843 est
1110 817 1242 859 usque
1274 803 1327 844 ad
1369 802 1565 844 effectum
1597 803 1789 843 molatur.

342 867 440 917 Quo
460 869 573 911 facto
593 870 848 926 superiorem
878 885 1033 927 aquam
1053 885 1149 912 cum
1171 871 1362 913 sordibus
1383 871 1437 913 de
1456 871 1633 913 baccino
1654 869 1788 911 effun-

340 936 469 988 dens;
513 937 611 978 inde
651 951 799 978 aurum
839 937 1059 993 diligenter
1100 938 1143 979 in
1182 938 1388 979 concham
1436 938 1640 979 mundam
1679 938 1786 979 lava.

341 1004 508 1046 Dehinc
537 1004 761 1047 infundens
786 1005 823 1047 ei
859 1020 1012 1062 aquam
1043 1021 1138 1047 cum
1159 1006 1339 1062 pincello
1369 1020 1504 1057 move,
1527 1012 1569 1047 et
1598 1020 1695 1046 cum
1715 1019 1790 1061 per

337 1086 465 1114 unam
486 1072 634 1114 horam
654 1073 698 1113 in
730 1087 856 1114 manu
877 1073 1059 1115 tenueris
1091 1073 1225 1130 ipsam
1247 1088 1403 1129 aquam
1431 1073 1474 1113 in
1494 1074 1667 1114 alteram
1689 1087 1787 1114 con-

337 1140 462 1182 cham
494 1141 636 1192 funde,
657 1146 700 1182 et
733 1141 834 1182 illud
868 1140 1191 1182 minutissimum
1225 1141 1337 1197 quod
1374 1155 1469 1182 cum
1500 1154 1611 1197 aqua
1642 1140 1788 1181 exierit

336 1224 468 1251 serva.
529 1209 797 1266 Rursumque
827 1208 1026 1265 imposita
1045 1208 1155 1266 aqua
1184 1224 1307 1265 super
1327 1209 1530 1251 carbones
1560 1208 1716 1250 calefac
1746 1213 1788 1249 et

335 1276 472 1329 move,
493 1276 557 1319 ac'
573 1277 681 1319 sicut
710 1277 822 1334 prius
854 1278 1059 1318 minutum
1079 1291 1175 1318 cum
1206 1290 1316 1333 aqua
1345 1277 1463 1332 ejice,
1485 1276 1627 1332 sicque
1658 1276 1786 1317 facias

336 1345 472 1386 donec
485 1345 657 1387 omnino
674 1345 930 1401 purgaveris.
956 1344 1152 1386 Posthaec
1166 1345 1303 1400 ipsum
1318 1343 1547 1385 minutum²
1565 1358 1662 1385 cum
1676 1357 1786 1400 aqua

335 1418 379 1453 et
399 1413 548 1455 eodem
570 1413 715 1455 ordine
745 1413 809 1454 bis
831 1419 873 1454 et
902 1412 1040 1464 tertio,
1062 1412 1262 1468 quicquid
1284 1411 1373 1453 auri
1395 1411 1628 1467 susceperis
1659 1411 1784 1467 priori

334 1480 533 1522 admisce.
594 1481 758 1522 Eodem
794 1480 938 1522 ordine
973 1479 1135 1522 lavabis
1175 1485 1410 1535 argentum,
1449 1479 1704 1520 auricalcum
1743 1486 1787 1521 et

332 1563 524 1605 cuprum.
586 1548 753 1590 Dehinc
782 1549 882 1590 tolle
910 1547 1093 1589 vesicam
1123 1547 1263 1603 piscis,
1285 1547 1357 1603 qui
1386 1552 1560 1589 vocatur
1589 1546 1710 1598 huso,
1743 1553 1786 1588 et
1818 1563 1824 1567 ·

334 1617 480 1658 lavans
512 1617 624 1674 aqua
656 1616 798 1673 tepida
828 1615 966 1668 tertio,
1001 1615 1138 1657 incide
1172 1615 1467 1671 particulatim,
1501 1629 1550 1656 ac
1584 1615 1628 1656 in
1659 1616 1784 1657 ollam

330 1684 596 1740 purissimam
615 1685 786 1726 mittens
807 1699 904 1726 cum
925 1698 1050 1740 aqua,
1073 1683 1162 1725 sine
1189 1682 1424 1724 mollificati
1444 1697 1518 1738 per
1538 1688 1720 1735 noctem,
1742 1690 1784 1725 et

330 1752 374 1792 in
413 1752 641 1795 crastinum
673 1767 806 1809 coque
841 1767 964 1809 super
1004 1751 1207 1793 carbones
1237 1755 1285 1791 ut
1323 1765 1410 1791 non
1450 1750 1612 1802 bulliat,
1647 1751 1783 1793 donec

330 1820 483 1875 probes
522 1820 663 1877 digitis
698 1821 794 1873 tuis,
828 1821 862 1862 si
894 1820 1117 1871 adhaereat,
1149 1824 1193 1860 et
1221 1832 1317 1859 cum
1350 1817 1511 1859 fortiter
1544 1817 1782 1871 adhaeserit,

331 1887 490 1929 bonum
511 1893 575 1930 est
594 1889 750 1944 gluten.

726 2189 1034 2253 CAPUT
1111 2189 1378 2252 XXXI.

398 2331 621 2365 QUOMODO
651 2334 815 2364 AURUM
847 2336 902 2364 ET
930 2335 1181 2364 ARGENTUM
1214 2336 1262 2363 IN
1294 2335 1445 2365 LIBRIS
1479 2334 1706 2364 PONATUR.

328 2431 621 2532 POSTEA
642 2435 741 2477 tolle
772 2435 947 2477 minium
968 2450 1133 2492 purum,
1155 2441 1198 2477 et
1228 2435 1338 2477 adde
1358 2436 1396 2477 ei
1426 2435 1593 2477 tertiam
1614 2439 1775 2490 partem
1816 2419 1821 2423 Α

429 2501 625 2554 cenobrii‚
641 2508 778 2545 terens
791 2519 914 2560 super
929 2503 1126 2560 lapidem,
1141 2518 1238 2545 cum
1254 2518 1377 2560 aqua.
1439 2502 1537 2552 Quo
1558 2502 1778 2558 diligenter

324 2567 436 2620 trito,
456 2574 626 2624 percute
646 2571 804 2613 clarum
825 2586 878 2613 ex
911 2571 1107 2627 albugine
1128 2570 1210 2623 ovi,
1241 2571 1283 2612 in
1304 2576 1447 2613 aestate
1468 2585 1564 2612 cum
1585 2584 1709 2625 aqua,
1730 2569 1774 2611 in

819 2695 828 2712 ¹
842 2697 862 2713 “
877 2695 1007 2735 relava,”
1023 2707 1057 2728 ex
1074 2697 1148 2728 Ood.
1166 2696 1297 2737 G‘uelph.
