1970 3202
286 266 372 307 288
758 283 1010 311 THEOPHILI
1043 282 1180 310 mmm
1210 282 1282 309 111.

733 467 1040 530 CAPUT
1115 465 1301 529 LIX.

539 610 601 636 DE
630 609 942 639 CONFECTIONE
972 611 1076 643 QUAE
1107 610 1297 638 DICITUR
1326 608 1491 637 TENAx.

290 705 515 807 TERE
543 712 703 761 partem
734 707 872 748 lateris
899 708 986 749 sive
1013 708 1166 764 tegulae
1185 708 1475 758 minutissime,
1496 712 1538 748 et
1557 703 1741 762 liquefac

420 774 557 829 picem
586 774 629 814 in
658 780 767 815 testa
797 775 901 826 ollae,
933 775 1230 830 modicumque
1260 789 1364 815 cerae
1393 775 1516 815 adde.
1576 773 1741 822 Quibus

290 841 443 896 pariter
470 841 704 897 liquefactis
734 842 958 882 commisce
979 843 1188 897 pulverem
1210 843 1361 897 tegulae
1381 848 1424 882 et
1443 841 1604 883 fortiter
1623 854 1740 881 com-

292 923 414 948 move
443 914 568 963 atque
596 908 640 948 in
669 923 822 964 aquam
853 908 1034 950 effunde.
1094 908 1286 965 Cumque
1306 909 1478 964 coeperit
1497 906 1744 963 refrigerari,

290 975 479 1030 intingue
499 990 648 1016 manus
671 982 868 1032 utrasque
894 976 938 1016 in
958 991 1111 1032 aquam
1135 982 1178 1018 et
1196 991 1363 1017 macera
1382 976 1466 1027 diu,
1488 976 1622 1016 donec
1644 989 1742 1029 pos-

292 1042 349 1083 sis
388 1042 523 1097 ipsam
563 1043 869 1084 confectionem
910 1044 1132 1085 extendere
1167 1050 1209 1085 et
1240 1044 1405 1085 trahere
1437 1043 1544 1084 sicut
1577 1042 1742 1098 pellem.

294 1110 418 1151 Hanc
448 1110 753 1151 confectionem
783 1111 925 1151 statim
954 1111 1192 1167 liquefacies
1222 1118 1265 1153 et
1292 1111 1484 1166 implebis
1513 1109 1744 1165 ampullam

292 1192 425 1233 usque
455 1177 509 1217 ad
534 1192 758 1219 summurn.
819 1178 1013 1234 Cumque
1043 1179 1285 1234 refrigerata
1313 1178 1450 1230 fuerit,
1481 1176 1671 1234 pertrahe
1699 1176 1744 1216 in

293 1250 438 1286 ventre
459 1250 501 1285 et
519 1245 563 1285 in
583 1245 691 1286 collo
711 1246 1005 1302 quodcumque
1026 1247 1218 1297 volueris,
1238 1247 1471 1302 tollensque
1491 1245 1622 1286 ferros
1643 1244 1745 1284 duc-

293 1313 422 1353 torios
442 1312 617 1368 graciles
647 1318 689 1354 et
717 1314 935 1368 parvulum
966 1314 1204 1355 malleolum
1229 1314 1403 1369 designa
1423 1313 1536 1369 quod
1558 1318 1744 1368 pertrax-

294 1379 379 1430 isti,
409 1380 453 1420 in
483 1380 671 1431 circuitu,
702 1378 848 1422 leniter
877 1381 1160 1436 percutiendo.
1223 1381 1390 1422 Deinde
1420 1381 1475 1421 da
1504 1394 1646 1435 puero,
1672 1377 1746 1435 qui

295 1453 442 1488 contra
470 1453 512 1488 te
542 1447 674 1499 sedat,
706 1449 944 1489 malleolum
969 1455 1010 1489 et
1038 1454 1084 1489 tu
1114 1454 1209 1490 tene
1239 1449 1282 1489 in
1312 1448 1475 1488 sinistra
1506 1462 1633 1488 manu
1653 1461 1745 1487 am-

295 1515 465 1570 pullam,
496 1521 537 1555 et
566 1515 739 1557 dextera
767 1515 912 1567 ferros,
943 1516 1274 1572 unumquodque
1303 1516 1347 1556 in
1377 1530 1453 1556 suo
1482 1515 1589 1564 loco,
1614 1520 1656 1555 et
1679 1514 1745 1554 fac

296 1596 471 1637 puerum
492 1588 704 1637 percutere
725 1597 989 1639 quocumque
1014 1584 1141 1624 modo
1164 1583 1354 1634 volueris,
1374 1583 1520 1623 leniter
1540 1587 1612 1623 aut
1631 1581 1748 1622 forti-

295 1655 371 1701 ter,
393 1664 443 1690 ac
464 1649 629 1705 depone
650 1664 836 1705 campos,
857 1657 904 1691 ut
930 1651 1021 1692 cavi
1048 1652 1154 1691 fiant
1174 1657 1216 1692 et
1235 1665 1340 1706 opus
1362 1651 1556 1692 elevetur.
1617 1649 1747 1690 Cum-

296 1732 377 1774 que
397 1732 471 1773 per
498 1717 638 1758 omnia
665 1718 792 1758 semel
819 1718 1084 1773 percusseris,
1113 1717 1308 1774 apposita
1335 1717 1519 1773 ampulla
1541 1717 1641 1773 igni,
1662 1717 1748 1758 eice

297 1785 616 1836 confectionem,
657 1784 904 1840 recoctaque
943 1785 1140 1840 ampulla,
1182 1785 1315 1842 ejecta
1353 1786 1407 1827 ab
1438 1785 1550 1841 igne,
1583 1799 1748 1826 rursum

296 1853 424 1909 imple
445 1867 552 1904 eam,
574 1867 623 1893 ac
654 1852 761 1893 sicut
790 1853 903 1907 prius
933 1858 1103 1908 percute
1132 1853 1275 1909 sicque
1300 1853 1427 1894 facies
1447 1853 1582 1894 donec
1600 1855 1749 1894 'omnes

297 1934 470 1975 campos
489 1919 702 1976 aequaliter
721 1919 922 1974 deponas,
944 1925 986 1961 et
1005 1935 1130 1962 omne
1151 1935 1256 1976 opus
1276 1921 1335 1962 ita
1354 1921 1590 1962 conformes
1608 1925 1656 1961 ut
1675 1933 1749 1975 ap-

298 1993 443 2044 pareat
471 1987 590 2043 quasi
620 1987 760 2028 fusum
792 1987 858 2028 sit.
919 1986 1016 2028 Hoc
1046 1994 1186 2029 autem
1217 1988 1388 2029 omnino
1418 2002 1595 2043 procura
1616 1993 1664 2028 ut
1683 2001 1750 2028 ar·
1784 2009 1786 2011 >

297 2061 471 2111 gentum
511 2055 704 2110 ampullae
738 2055 797 2095 ita
832 2055 1012 2110 spissum
1045 2055 1111 2108 sit,
1142 2061 1189 2096 ut
1217 2070 1313 2097 cum
1342 2071 1448 2112 opus
1478 2054 1749 2111 percutiendo

298 2123 555 2174 formaveris,
577 2137 673 2163 cum
703 2122 819 2164 ferris
850 2123 1037 2164 fossoriis
1062 2123 1198 2179 possis
1217 2123 1319 2164 illud
1339 2123 1534 2164 decenter
1552 2123 1750 2173 incidere,

299 2192 440 2232 fodere
461 2196 502 2232 et
521 2190 678 2231 radere.
740 2189 838 2239 Quo
869 2197 1054 2246 peracto,
1081 2191 1116 2231 si
1137 2191 1328 2242 volueris,
1348 2191 1415 2232 fac
1436 2191 1664 2232 auriculam
1684 2189 1751 2231 fu-

299 2260 418 2301 silem
439 2259 587 2300 eodem
618 2258 745 2299 modo
776 2272 860 2314 quo
891 2258 1079 2299 formasti
1104 2259 1308 2300 auriculas
1329 2259 1514 2315 argentei
1534 2258 1689 2309 calicis,
1709 2263 1752 2299 et

299 2328 342 2368 in
369 2326 564 2368 anteriori
592 2331 710 2381 parte
740 2325 1044 2378 deductorium,
1075 2327 1187 2367 unde
1207 2327 1351 2367 vinum
1381 2326 1632 2378 effundatur,
1657 2340 1751 2382 quae

299 2393 568 2436 confirmabis
608 2393 851 2444 solidatura,
892 2399 1066 2448 argento
1102 2399 1144 2434 et
1178 2408 1307 2450 cupro
1345 2394 1490 2445 mixta,
1523 2399 1571 2435 ut
1611 2407 1750 2448 supra.

303 2462 482 2514 Deinde,
498 2462 751 2517 ubicumque
764 2460 956 2512 volueris,
976 2460 1130 2516 nigello
1146 2461 1327 2513 ornabis,
1345 2468 1388 2503 et
1406 2462 1608 2518 reliquum
1624 2460 1751 2501 deau-

299 2531 410 2572 rabis
430 2536 478 2571 ut
497 2543 634 2585 supra.

361 2598 525 2639 Eodem
546 2596 674 2638 modo
695 2596 821 2638 facies
845 2595 1005 2652 cyphos
1026 2610 1175 2637 aureos
1195 2602 1236 2637 et
1256 2601 1477 2652 argenteos
1498 2602 1625 2652 atque
1644 2595 1753 2637 scul-

299 2668 434 2718 tellas,
456 2672 497 2707 et
519 2665 678 2721 pixides
708 2665 762 2705 ad
792 2664 955 2706 oblatas
984 2663 1262 2719 imponendas
1292 2670 1334 2704 et
1362 2664 1553 2719 capsulas
1573 2663 1753 2719 thymia-

302 2736 450 2788 matis3
482 2741 524 2776 et
544 2733 763 2775 manubria
782 2732 825 2773 in
840 2731 1028 2783 cultellis,
1050 2737 1092 2771 et
1110 2731 1315 2787 imagines
1330 2732 1373 2772 in
1393 2731 1585 2773 crucibus
1605 2737 1648 2772 et
1666 2731 1754 2786 ple-

302 2804 428 2845 nariis
449 2818 501 2844 ex
521 2817 623 2843 auro
645 2802 732 2843 sive
753 2805 928 2856 argento
949 2804 1022 2840 aut
1041 2813 1181 2854 cupro.
