1970 3202
346 290 433 336 370
820 303 1074 332 THEOPHILl
1109 303 1245 332 mana
1275 303 1345 331 111.

352 403 403 443 In
424 416 579 458 magna
609 401 872 457 providentia
900 403 1057 444 habeat
1087 409 1145 455 ut,
1175 405 1420 459 priusquam
1451 402 1609 459 aliquid
1630 403 1802 459 cymba-

349 471 436 511 lum
461 470 675 523 fundatur,
705 475 902 527 stagnum
936 486 1032 513 cum
1063 486 1192 528 cupro
1223 471 1459 523 misceatur,
1480 476 1528 512 ut
1551 475 1708 511 rectum
1736 485 1804 512 so-

348 553 451 578 num
481 538 648 579 habeat.
711 538 837 587 Quod
870 539 904 580 si
937 540 1055 582 aliter
1090 540 1234 581 fecerit
1265 554 1351 581 non
1379 539 1552 580 veniunt
1581 538 1635 579 ad
1664 543 1801 579 tonos.

351 605 511 655 Quinta
541 612 615 647 aut
644 612 765 648 sexta
795 621 890 661 pars
925 606 1052 648 debet
1083 621 1174 648 esse
1204 612 1414 662 stagnum,
1445 611 1667 661 utrumque
1697 605 1803 646 bene

349 673 613 729 purificatum
661 674 902 729 priusquam
949 674 1244 729 permisceatur
1293 679 1339 714 ut
1385 674 1494 714 clare
1536 677 1698 714 sonent.
1759 670 1804 712 Si

348 746 487 781 autem
520 740 614 781 fusa
645 740 839 796 cymbala
872 741 1010 782 minus
1043 744 1154 783 recte
1188 740 1414 791 sonuerint,
1444 739 1525 781 hoc
1561 738 1804 780 emendetur

349 807 448 849 lima
469 808 532 848 vel
554 808 706 863 lapide.

704 1121 1010 1183 CAPUT
1087 1106 1457 1184 LXXXVL

803 1265 864 1292 DE
894 1264 1119 1294 CYMBALIS
1152 1266 1347 1294 MUSICIS.

352 1368 731 1467 FAOTURUS
768 1369 977 1425 cymbala,
1013 1370 1192 1426 primum
1226 1370 1368 1426 aquire
1402 1368 1477 1410 tibi
1511 1367 1732 1409 lectionem
1764 1371 1807 1407 et

479 1436 711 1477 secundum
733 1437 845 1492 quod
867 1437 1055 1478 docuerit
1075 1438 1251 1479 formam
1274 1438 1414 1488 facito,
1436 1442 1562 1492 atque
1582 1449 1721 1476 ceram
1742 1433 1804 1473 di-

347 1503 524 1560 ligenter
544 1504 743 1560 pondera.
805 1503 945 1553 Quas¹
969 1520 1064 1546 cum
1086 1506 1254 1558 fuderis,
1277 1506 1384 1547 sicut
1404 1519 1530 1560 supra
1549 1503 1709 1544 dictum
1729 1508 1805 1552 est,

349 1571 383 1612 si
377 1540 503 1627 equid
525 1586 598 1627 per
618 1572 916 1628 negligentiam
932 1574 998 1614 vel
1018 1574 1220 1615 incuriam
1241 1574 1293 1615 de
1314 1573 1498 1629 equitate
1520 1578 1712 1613 tonorum
1734 1570 1806 1610 de-

348 1638 482 1689 fuerit,
511 1639 705 1694 corriges.
767 1639 811 1680 Si
832 1640 1010 1681 volueris
1041 1641 1280 1696 cymbalum
1313 1641 1435 1683 altius
1465 1640 1633 1690 habere,
1663 1639 1706 1678 in
1734 1651 1807 1678 ora

348 1705 517 1747 inferius
539 1707 716 1759 limabis,
739 1707 774 1748 si
794 1722 894 1749 vero
915 1707 1124 1760 humilius,
1146 1709 1253 1751 circa
1278 1723 1396 1750 oram
1416 1709 1459 1749 in
1480 1707 1668 1749 circuitu.

659 2020 975 2082 CAPUT
1058 2020 1498 2083 LXXXVIL

788 2166 849 2193 DE
879 2164 1107 2193 AMPULLIS
1136 2165 1364 2194 STAGNEIS.

356 2263 533 2365 FAC
554 2264 629 2305 tibi
650 2264 757 2305 duos
789 2264 919 2305 ferros
946 2262 1207 2339 longitudine
1227 2277 1376 2305 manus
1398 2269 1440 2305 et
1460 2264 1624 2307 modice
1645 2265 1809 2321 gracili-

484 2346 577 2374 ores
597 2331 771 2373 minimo
793 2330 939 2386 digito,
961 2330 1033 2386 qui
1063 2336 1162 2371 sunt
1191 2330 1234 2372 in
1258 2346 1342 2373 una
1362 2337 1480 2387 parte
1501 2332 1743 2387 grossiores,
1765 2333 1807 2378 in

353 2400 482 2441 altera
502 2399 742 2441 summitate
758 2397 970 2439 deductim
986 2397 1238 2453 graciliores,
1260 2404 1306 2440 ut
1326 2399 1487 2454 possint
1506 2414 1559 2441 ex
1579 2400 1716 2442 forma
1736 2401 1808 2442 de-

353 2468 473 2520 duci3
502 2468 769 2523 habeantque
789 2467 832 2508 in
853 2466 1053 2522 grossiori
1073 2472 1190 2522 parte
1211 2467 1367 2508 caudas
1387 2472 1548 2519 tenues,
1568 2473 1615 2509 ut
1635 2468 1807 2524 singulis

354 2535 581 2576 manubriis
605 2535 917 2590 confingantur,
941 2549 1036 2590 quae
1066 2534 1285 2575 manubria
1315 2535 1398 2575 sint
1425 2535 1628 2587 rotunda3
1662 2541 1704 2576 et
1733 2535 1808 2576 ha-

353 2603 482 2644 beant
510 2603 553 2643 in
584 2603 715 2644 altera
742 2601 981 2643 summitate
1012 2601 1159 2643 breves
1189 2602 1331 2643 clavos
1358 2602 1575 2653 rotundos,
1591 2602 1635 2642 in
1656 2603 1807 2659 quibus

351 2670 509 2723 tornari
524 2670 699 2726 possint.
750 2669 831 2716 His
853 2669 969 2710 ferris
985 2665 1254 2724 circumpone
1269 2669 1474 2726 argillam,
1496 2669 1628 2725 primo
1644 2684 1806 2726 parum,

353 2737 503 2777 deinde
523 2737 703 2793 amplius
725 2737 955 2778 secundum
977 2736 1308 2793 magnitudinem
1325 2751 1452 2793 quam
1468 2737 1657 2779 volueris.
1710 2737 1808 2790 Qua

352 2804 509 2846 siccata
531 2805 595 2846 fac
617 2805 890 2846 tornatorium
912 2810 1030 2846 tuum
1052 2804 1199 2845 eodem
1217 2804 1343 2846 modo
1365 2819 1449 2860 quo
1470 2810 1689 2851 tornantur
1710 2819 1806 2846 scu-

1052 2902 1162 2943 ¹qua?

1919 3036 1949 3202 wffissss³ff⁷⁴
1932 2916 1939 2998 ,
1934 2894 1935 2897 „
1928 2855 1953 2873 ¹2,
1941 2804 1945 2805 Ἰ
1935 2739 1948 2777 ··2
1936 2682 1937 2686 „
