1970 3202
322 258 351 296 4
811 273 1062 301 ΤΗΕΟΡΗΠᾸ
1095 273 1231 302 LIBER
1263 274 1292 302 1.

781 437 1095 500 CAPUT
1162 438 1311 500 III.

854 584 915 611 DE
947 583 1054 612 Posc
1085 584 1244 613 PRIMO.

418 683 513 724 UM
540 698 639 724 vero
667 684 944 725 membrinam
973 684 1188 726 miscueris
1215 684 1313 725 inde
1341 684 1467 725 facies
1487 690 1529 725 et
1547 685 1661 725 nuda
1681 699 1773 726 cor-

456 766 559 806 pora
590 751 839 805 impleveris,
872 751 1057 792 admisce
1089 751 1125 791 ei
1155 751 1369 806 prasinum
1405 756 1447 792 et
1480 751 1668 801 rubeum,
1701 751 1772 806 qui

322 819 578 860 comburitur
598 833 650 858 ex
671 833 786 873 ogra,
808 824 849 859 et
877 818 1088 859 modicum
1116 818 1313 869 cenobrii,
1335 823 1377 859 et
1403 819 1563 859 confice
1583 832 1698 874 posc,
1720 832 1771 857 ex

322 901 406 941 quo
434 885 674 941 designabis
702 885 919 940 supercilia
947 891 989 926 et
1014 886 1173 936 oculos,
1200 900 1333 936 nares,
1357 891 1400 926 et
1427 900 1489 937 os,
1511 891 1711 936 mentum,
1731 892 1774 925 et

323 953 502 994 fossulas
533 953 643 994 circa
675 967 810 1003 nareS,
832 959 874 993 et
904 958 1107 1007 tempora,
1131 967 1256 1008 rugas
1285 952 1328 992 in
1358 952 1493 994 fronte
1520 959 1562 993 et
1588 954 1711 1004 collo,
1731 959 1774 994 et

323 1021 621 1062 rotunditatem
653 1019 960 1070 faciei‚'barbas
984 1020 1186 1075 juvenum
1215 1026 1257 1060 et
1283 1019 1478 1060 articulos
1505 1034 1703 1060 manuum
1732 1026 1774 1060 et

323 1088 491 1143 pedum,
507 1093 550 1129 et
569 1088 711 1129 omnia
731 1087 935 1138 membra,
951 1101 1046 1142 quae
1061 1086 1373 1142 distinguuntur
1392 1086 1435 1127 in
1456 1087 1570 1128 nudo
1584 1102 1771 1143 corpore.

802 1315 1115 1379 CAPUT
1181 1315 1297 1377 IV.

851 1463 911 1490 DE
944 1462 1057 1490 RosA
1089 1461 1247 1490 PRIMA.

326 1563 641 1662 DEINDE
662 1564 791 1604 misce
807 1577 903 1604 cum
921 1562 1099 1618 simplici
1117 1562 1350 1602 membrina
1365 1562 1575 1603 modicum
1592 1564 1775 1605 cenobrii

460 1638 503 1671 et
521 1644 669 1685 parum
685 1629 815 1681 minii,
832 1636 875 1670 et
889 1630 1050 1671 confice
1065 1630 1263 1680 colorem,
1279 1630 1349 1685 qui
1371 1630 1520 1671 dicitur
1538 1645 1647 1682 rosa,
1662 1632 1774 1674 unde

322 1698 554 1740 rubricabis
578 1697 790 1738 maxillam
812 1703 1045 1753 utramque,
1066 1712 1114 1738 os
1141 1703 1183 1737 et
1210 1703 1395 1738 mentum
1417 1698 1600 1750 inferius,
1621 1700 1774 1741 collum

324 1773 366 1807 et
400 1781 525 1822 rugas
560 1764 707 1805 frontis
743 1765 921 1815 modice,
953 1765 1087 1820 ipsam
1125 1764 1303 1805 frontem
1339 1779 1463 1820 super
1497 1772 1686 1821 tempora
1722 1782 1774 1807 ex

323 1839 499 1889 utraque
520 1839 650 1888 parte,
672 1847 821 1873 nasum
849 1833 892 1872 in
917 1832 1180 1888 longitudine
1199 1836 1241 1872 et
1261 1846 1505 1886 supernares
1525 1848 1578 1875 ex
1598 1840 1775 1890 utraque

324 1907 453 1956 parte,
474 1902 669 1942 articulos
689 1906 731 1941 et
750 1906 899 1941 caetera
919 1897 1108 1940 membra
1127 1898 1170 1938 in
1191 1897 1305 1938 nudo
1325 1912 1509 1953 corpore.

821 2128 1134 2191 CAPUT
1204 2128 1275 2190 V.

810 2276 886 2306 *DE
917 2274 1095 2302 LUMINA
1125 2275 1283 2303 PR1MA.

431 2378 538 2420 OST
566 2377 656 2418 haec
684 2375 811 2416 misce
836 2389 933 2416 cum
958 2374 1135 2429 simplici
1158 2375 1392 2416 membrina
1415 2389 1605 2416 cerosam
1623 2376 1776 2429 tritam,

449 2453 491 2487 et
511 2458 718 2499 compone
737 2443 934 2493 colorem,
950 2442 1021 2498 qui
1036 2442 1186 2483 dicitur
1206 2442 1377 2492 lumina,
1394 2442 1505 2483 unde
1525 2442 1777 2485 illuminabis

326 2514 558 2571 supercilia,
578 2526 728 2553 nasum
755 2511 798 2551 in
824 2510 1097 2566 longitudine
1113 2515 1155 2551 et
1175 2525 1297 2565 super
1317 2510 1522 2551 foramina
1541 2511 1703 2552 narium
1724 2527 1777 2553 ex

325 2589 503 2638 utraque
523 2586 654 2637 parte,
671 2578 843 2620 subtiles
858 2583 1016 2619 tractus
1032 2577 1143 2618 circa
1164 2578 1309 2618 oculos
1329 2583 1371 2618 et
1389 2583 1578 2633 tempora
1592 2579 1777 2632 inferius,

326 2657 368 2691 et
388 2655 575 2690 mentum
596 2646 799 2702 superius,
814 2645 939 2701 juxta
964 2659 1085 2685 nares
1110 2650 1152 2685 et
1177 2659 1224 2685 os
1245 2658 1298 2685 ex
1319 2650 1494 2700 utraque
1514 2651 1644 2700 parte,
1665 2646 1778 2687 fron-

325 2725 410 2759 tem
436 2716 637 2772 superius,
659 2716 766 2755 inter
793 2727 919 2769 rugas
946 2712 1093 2754 frontis
1122 2712 1297 2764 modice,
1318 2718 1361 2753 et
1379 2713 1534 2753 collum
1557 2712 1600 2753 in
1625 2714 1778 2767 medio,

325 2791 367 2827 et
398 2785 509 2826 circa
539 2797 674 2834 aures,
708 2796 757 2822 ac
789 2780 984 2822 articulos
1019 2794 1222 2820 manuum
1257 2785 1299 2820 et
1335 2779 1490 2835 pedum
1523 2780 1704 2822 exterius
1736 2787 1779 2822 et

326 2867 494 2894 omnem
510 2850 802 2892 rotunditatem
818 2862 1033 2898 manuum,
1049 2846 1205 2902 pedum
1222 2853 1265 2888 et
1282 2846 1547 2888 brachiorum
1563 2847 1607 2888 in
1622 2849 1775 2891 medio.
