1970 3202
284 271 367 311 302
742 286 996 314 THEOPHILI
1030 287 1166 316 LIBER
1199 288 1268 316 111.

284 385 439 436 fendat,
462 385 679 440 diligenter
714 386 897 428 infunde.
960 387 1054 429 Hoc
1090 389 1216 429 modo
1250 388 1393 429 formis
1424 387 1607 444 utrisque
1633 387 1734 429 fusis

283 453 371 494 sine
407 459 529 504 stare,
552 453 685 495 donec
721 454 966 496 infusorium
1001 456 1187 511 superius
1218 456 1426 512 nigrescat
1438 473 1449 508 ;
1486 455 1637 497 deinde
1670 470 1733 496 re-

284 526 401 561 mota
432 526 540 562 terra
576 527 616 562 et
650 536 674 563 a
709 522 828 563 fossis
862 528 1069 564 extractas
1098 515 1251 579 repone
1284 524 1325 564 in
1346 529 1437 565 tuto
1470 524 1576 574 loco,
1598 523 1732 565 donec

282 588 453 629 omnino
474 589 711 645 frigescant,
729 605 883 631 cavens
904 606 1166 647 summopere
1186 607 1239 633 ne
1254 592 1398 634 calidis
1420 592 1563 634 formis
1579 606 1732 648 aquam

282 657 545 713 superjacias,
567 657 664 713 quia
698 658 911 699 interiores
943 660 1093 711 nuclei,
1124 660 1158 701 si
1193 660 1411 702 humorem
1443 660 1732 716 persenserint,

280 724 421 765 statim
451 725 648 766 inflantur
668 733 710 766 et
730 740 855 767 omne
887 741 990 781 opus
1011 727 1300 783 disrumpetur.
1362 728 1557 784 Cumque
1586 742 1660 784 per
1688 742 1733 769 se

282 792 531 848 refrigeratis
564 793 756 849 argillam
789 794 1026 846 removeris,
1060 794 1279 851 diligenter
1314 795 1598 851 circumspice,
1628 801 1670 837 et
1699 795 1734 836 si

282 861 383 915 quid
413 861 667 917 negligentia
686 861 751 902 vel
784 875 883 902 casu
904 861 1093 914 defuerit,
1113 863 1252 904 locum
1284 863 1402 904 illum
1430 864 1735 905 circumliman-

282 929 383 969 dum
405 928 655 979 attenuabis,
678 934 720 969 et
740 929 932 984 apposita
953 944 1063 982 cera,
1083 944 1161 972 nec
1181 945 1266 972 non
1287 931 1435 987 argilla
1464 932 1620 982 addita,
1643 946 1739 973 cum

281 997 391 1038 sicca
433 995 567 1047 fuerit,
609 996 844 1049 calefacies,
885 997 1028 1053 sicque
1068 998 1356 1054 superfundes,
1396 999 1531 1040 donec
1567 998 1656 1040 rivo
1695 999 1737 1039 in

281 1071 441 1121 partem
471 1065 728 1116 decurrente,
760 1066 872 1121 quod
904 1066 1171 1122 superfundis
1201 1067 1423 1109 adhaereat.
1485 1067 1612 1116 Quod
1637 1082 1732 1109 cum

280 1132 522 1189 respexeris,
544 1133 579 1174 si
609 1133 745 1175 minus
767 1134 934 1175 firmum
965 1134 1100 1187 fuerit,
1123 1149 1217 1176 cum
1253 1135 1541 1177 combustione
1561 1135 1733 1176 viniceae

280 1205 420 1256 petrae,
441 1206 482 1241 et
500 1201 693 1244 limatura
714 1216 765 1243 ex
796 1201 977 1244 mixtura
997 1203 1158 1258 argenti
1179 1208 1221 1244 et
1241 1202 1372 1259 cupri,
1393 1203 1499 1244 sicut
1518 1203 1733 1259 praescrip-

280 1269 423 1320 simus,
445 1269 655 1310 solidabis.
719 1270 825 1311 Post
845 1269 936 1311 haec
958 1270 1130 1312 diversis
1153 1271 1262 1312 limis
1279 1271 1592 1327 quadrangulis,
1608 1271 1735 1313 trian-

279 1337 399 1392 gulis,
445 1342 570 1393 atque
617 1338 805 1379 rotundis
852 1353 1026 1394 campos
1068 1353 1212 1380 omnes
1262 1339 1397 1395 primo
1437 1339 1734 1381 translimabis.

282 1404 448 1446 Deinde
481 1405 598 1447 ferris
629 1406 817 1448 fossoriis
847 1407 993 1458 fodies,
1025 1412 1066 1448 et
1095 1407 1261 1448 rasoriis
1291 1408 1435 1460 rades;
1468 1408 1521 1449 ad
1544 1408 1735 1450 ultimum

279 1472 426 1514 sabulo
447 1488 543 1514 cum
563 1474 686 1530 lignis
715 1474 758 1516 in
781 1475 1019 1517 summitate
1050 1476 1214 1517 modice
1236 1476 1528 1533 conquassatis
1550 1476 1736 1533 undique

279 1547 505 1596 purgatum
527 1557 633 1598 opus
651 1543 886 1584 deaurabis.

697 1924 1015 1987 CAPUT
1094 1925 1330 1987 LXII.

841 2073 902 2100 DE
933 2060 1162 2101 CATEN1s¹.

284 2171 610 2273 CATENAS
642 2173 829 2215 facturus
859 2172 1040 2228 primum
1070 2172 1190 2214 trahe
1211 2173 1282 2214 fila
1303 2162 1469 2215 subtilia
1489 2174 1576 2216 sive
1597 2189 1737 2231 gross-

431 2241 520 2283 iora
552 2242 595 2282 in
627 2256 756 2297 cupro
787 2240 874 2294 sive
899 2246 1088 2297 argento,
1110 2247 1152 2282 et
1172 2241 1450 2283 circumflecte
1470 2256 1565 2283 cum
1587 2243 1737 2284 subula

277 2309 320 2349 in
341 2309 471 2350 tribus
502 2309 708 2360 auriculis,
740 2313 812 2350 aut
842 2313 1034 2364 quatuor,
1055 2309 1119 2351 vel
1151 2308 1350 2365 quinque,
1372 2309 1458 2350 sive
1479 2324 1566 2362 seX,
1588 2325 1736 2352 secun-

282 2377 383 2418 dum
397 2377 723 2433 grossitudinem
737 2391 865 2433 quam
885 2377 1077 2428 volueris,
1092 2376 1146 2418 ad
1160 2390 1397 2418 mensuram
1411 2378 1736 2435 uniuscujusque

278 2445 448 2486 turibuli
470 2443 642 2486 minoris
667 2444 754 2485 sive
775 2444 959 2500 majoris.
1021 2443 1078 2485 Et
1107 2458 1203 2485 cum
1234 2459 1380 2487 omnes
1411 2451 1581 2487 catenas
1611 2447 1733 2488 unius

278 2513 446 2554 turibuli
486 2513 529 2554 in
567 2527 695 2554 unam
735 2517 896 2568 partem
935 2512 1154 2568 plexueris,
1189 2513 1288 2555 tolle
1323 2513 1487 2570 lignum
1522 2519 1645 2555 tenue
1682 2529 1734 2556 ex

278 2596 434 2637 quercu
454 2580 540 2622 sive
561 2580 673 2636 fago,
694 2585 736 2622 et
756 2580 823 2621 fac
843 2579 886 2620 in
907 2594 957 2622 eo
978 2581 1110 2621 multa
1125 2580 1332 2622 foramina
1348 2596 1443 2622 cum
1459 2582 1604 2637 gracili
1624 2582 1733 2623 ferro

278 2649 459 2691 rotundo
487 2655 528 2690 et
558 2648 709 2700 calido,
730 2663 805 2704 per
828 2663 922 2704 quae
952 2648 1159 2690 foramina
1188 2654 1382 2690 catenam
1404 2649 1501 2706 igne
1522 2655 1732 2692 recoctam

277 2722 319 2758 et
338 2716 625 2772 refrigeratam
654 2715 901 2757 transduces
931 2721 973 2758 et
995 2716 1135 2758 denuo
1156 2731 1370 2773 recoques,
1392 2732 1639 2773 rursumque
1659 2731 1734 2772 per

278 2785 390 2826 aliud
412 2785 601 2826 foramen
620 2784 866 2825 transduces
882 2789 924 2825 et
943 2798 1157 2842 recoques,
1179 2785 1321 2842 sicque
1338 2785 1480 2837 facies,
1503 2786 1637 2827 donec
1658 2798 1732 2840 per

277 2853 417 2895 omnia
438 2852 651 2909 aequaliter
673 2852 725 2894 sit
753 2867 943 2907 grossam
965 2858 1007 2894 et
1027 2853 1263 2894 rotundam.
1325 2853 1494 2896 Deinde
1515 2854 1650 2896 incide
1671 2853 1733 2909 ip-

694 2966 702 2984 ¹
726 2964 836 2998 vitiose
852 2968 873 2984 “
884 2965 1022 2998 chatenis
1035 2965 1052 2978 '’
1067 2966 1104 2997 in
1118 2967 1191 2998 MS,
1208 2966 1331 2997 Harlei.
