1970 3202
321 277 378 316 32
800 289 1051 318 THEOPHILI
1088 290 1223 317 mmm
1256 290 1286 317 1.

322 402 402 444 que
423 388 596 444 singulis
617 388 778 430 vicibus
798 389 936 441 facies,
958 390 1091 431 donec
1112 390 1283 430 omnino
1310 389 1601 431 attenuaveris.
1665 378 1771 430 Pos‘t

321 455 411 496 haec
450 456 614 497 fricabis
653 471 723 498 eas
756 457 900 498 leniter
930 458 1056 498 dente
1088 457 1177 513 apri
1209 471 1333 512 super
1367 457 1550 512 ligneam
1583 456 1769 498 tabulam

321 523 537 578 aequalem,
558 538 689 580 usque
709 538 792 579 quo
812 524 961 566 lucidae
981 525 1098 565 fiant.

381 591 547 632 Deinde
577 592 806 648 conjunges
834 594 1003 634 easdem
1035 598 1172 648 partes
1203 595 1330 633 unam
1361 591 1415 632 ad
1446 592 1619 632 alteram
1650 604 1773 646 super

321 660 457 716 ipsam
495 659 695 711 tabulam,
728 664 770 701 et
802 660 1033 702 adhaerebis
1068 675 1139 702 eas
1173 660 1358 715 singulas
1391 660 1445 700 ad
1479 659 1641 715 lignum
1674 674 1772 700 cum

321 741 430 778 cera,
450 741 503 768 ne
522 728 684 782 possint
705 728 874 780 moveri,
892 735 934 769 et
955 728 1196 783 superlinies
1217 741 1288 768 eas
1310 741 1440 768 manu
1461 732 1532 767 tua
1553 741 1605 767 ex
1627 741 1775 782 suprad

321 793 434 835 dicto
454 795 611 850 glutine
630 796 834 838 vernition
855 802 981 852 atque
1006 795 1183 854 siccabis
1205 795 1258 835 ad
1281 795 1426 836 solem.
1490 793 1771 836 Postmodum

320 861 462 916 accipe
483 861 621 917 virgas
652 862 752 918 ligni
782 863 950 918 putridi,
982 877 1086 919 quas
1117 877 1213 904 cum
1245 862 1378 917 Aprili
1407 861 1613 913 incideris,
1639 861 1773 901 findes

321 943 395 984 per
424 929 608 970 medium
641 935 683 970 et
714 929 891 975 siccabis
924 945 1046 985 super
1076 930 1252 971 fumum.
1316 929 1482 970 Dehinc
1509 929 1671 970 auferes
1703 943 1774 969 ex-

321 996 516 1037 teriorem
552 996 761 1048 corticem,
796 1002 838 1038 et
870 997 1121 1049 interiorem,
1156 997 1227 1053 qui
1262 1001 1326 1037 est
1358 1011 1541 1048 croceus,
1574 996 1696 1037 rades
1732 997 1775 1036 in

321 1065 474 1122 patella
493 1064 663 1116 munda,
685 1065 845 1106 addens
867 1065 904 1106 ei
925 1080 1094 1106 crocum
1115 1065 1169 1106 ad
1190 1064 1379 1120 quintam
1404 1069 1588 1118 partem;
1621 1068 1663 1104 et
1682 1077 1776 1118 per-

322 1131 450 1174 funde
470 1132 561 1173 haec
581 1132 678 1173 vino
700 1133 827 1174 veteri
848 1132 935 1174 sive
956 1132 1130 1174 cervisia
1150 1132 1426 1183 abundanter,
1448 1137 1490 1172 et
1512 1146 1607 1172 cum
1623 1130 1682 1172 ita
1702 1145 1776 1186 per

321 1206 489 1241 noctem
519 1200 693 1252 steterit,
723 1200 766 1241 in
796 1200 1023 1242 crastinum
1063 1200 1281 1241 calefacies
1316 1213 1440 1255 super
1465 1198 1610 1253 'ignem
1640 1198 1775 1240 donec

321 1268 510 1324 liquefiat
527 1274 563 1320 1;
608 1268 750 1324 sicque
782 1268 972 1324 impones
1011 1268 1177 1309 tabulas
1211 1273 1411 1323 stagneas
1444 1266 1700 1323 singulatim,
1735 1272 1777 1307 et

323 1336 559 1392 frequenter
578 1336 772 1387 elevabis,
793 1336 929 1377 donec
951 1335 1201 1388 consideres,
1222 1335 1335 1392 quod
1357 1335 1572 1376 aureolum
1593 1335 1774 1375 colorem

322 1404 574 1445 sufficienter
601 1404 782 1445 trahant.
844 1403 1034 1460 Postque
1069 1418 1232 1444 rursum
1266 1402 1498 1444 adhaerebis
1528 1417 1599 1444 eas
1628 1402 1776 1459 ligneae

323 1471 476 1512 tabulae
496 1472 766 1527 superliniens
788 1471 932 1527 gluten
952 1471 1058 1512 sicut
1078 1471 1205 1526 prius,
1226 1477 1269 1512 et
1290 1485 1388 1511 cum
1414 1470 1580 1511 siccatae
1610 1470 1775 1521 fuerint,

317 1539 409 1594 jam
438 1538 569 1580 habes
600 1545 795 1595 stagneas
825 1539 1000 1595 petulas,
1022 1553 1128 1595 quas
1158 1539 1350 1594 impones
1381 1538 1496 1593 operi
1526 1543 1599 1579 tuo
1630 1552 1778 1579 secun-

323 1607 425 1647 dum
445 1606 610 1648 libitum
641 1607 799 1663 glutine
830 1607 944 1649 corii.
1002 1607 1067 1648 Ac
1097 1607 1294 1662 deinceps
1322 1606 1464 1661 accipe
1491 1606 1650 1647 colores
1671 1620 1777 1662 quos

324 1675 537 1730 imponere
556 1675 748 1727 volueris,
767 1680 905 1716 terens
935 1689 1007 1716 eos
1038 1674 1259 1730 diligenter
1279 1675 1372 1716 oleo
1392 1674 1464 1715 lini
1484 1674 1572 1715 sine
1592 1688 1716 1730 aqua,
1736 1679 1779 1714 et

325 1744 393 1784 fac
424 1743 627 1784 mixturas
649 1744 838 1784 vultuum
868 1757 918 1784 ac
938 1741 1280 1784 vestimentorum
1310 1742 1419 1783 sicut
1450 1741 1639 1797 superius
1669 1755 1778 1797 aqua

325 1810 496 1861 feceras,
518 1816 559 1852 et
588 1810 744 1851 bestias
775 1810 861 1851 sive
882 1825 979 1851 aves
1011 1815 1084 1851 aut
1113 1809 1211 1851 folia
1231 1810 1410 1851 variabis
1440 1809 1525 1851 suis
1554 1808 1778 1859 coloribus,

326 1883 450 1933 prout
469 1877 646 1919 libuerit.

711 2238 1017 2308 CAPUT
1094 2238 1397 2301 XXVII.

542 2391 602 2419 DE
635 2393 887 2422 COLORIBUS
918 2395 1034 2423 OLEO
1066 2396 1119 2423 ET
1150 2395 1306 2423 GUMMI
1337 2395 1576 2423 TERENDIS.

330 2491 597 2591 OMNIA
630 2509 784 2550 genera
816 2498 1003 2538 colorum
1037 2498 1184 2539 eodem
1207 2514 1357 2554 genere
1392 2500 1472 2541 olei
1503 2500 1578 2541 teri
1609 2508 1649 2541 et
1679 2501 1779 2556 poni

461 2568 637 2616 possunt
665 2562 709 2603 in
731 2578 855 2619 opere
885 2564 1040 2620 ligneo,
1061 2565 1104 2606 in
1134 2566 1199 2607 his
1229 2572 1393 2608 tantum
1415 2567 1538 2608 rebus
1569 2583 1661 2624 quae
1691 2569 1778 2610 sole

326 2628 472 2670 siccari
492 2635 684 2684 possunt,
702 2631 800 2687 quia
817 2632 1146 2690 quotiescunque
1161 2649 1290 2675 unum
1312 2636 1493 2676 colorem
1515 2636 1776 2691 imposueris,

328 2697 501 2737 alterum
523 2698 558 2738 ei
591 2713 868 2754 superponere
898 2715 983 2741 non
1004 2706 1137 2756 potes,
1160 2701 1239 2743 nisi
1258 2703 1368 2757 prior
1397 2703 1641 2756 exsiccetur,
1662 2705 1775 2760 quod

326 2764 603 2820 imaginibus²
618 2767 857 2809 diuturnum
866 2783 915 2809 ac
922 2769 1142 2811 taediosum
1149 2777 1214 2811 est
1226 2771 1361 2813 nimis.
1394 2770 1436 2811 Si
1451 2778 1590 2814 autem
1599 2772 1778 2814 volueris

490 2889 499 2907 ¹
516 2891 536 2905 “
546 2890 696 2929 tepefiat‚”
712 2893 747 2922 in
763 2894 874 2922 coeteris
892 2894 1123 2924 codicibus-²
1140 2897 1160 2911 “
1170 2900 1200 2925 et
1216 2896 1285 2926 aliis
1300 2895 1452 2935 picturis.”
1474 2907 1509 2926 ex
1526 2898 1559 2927 C.
1579 2898 1617 2927 R.
