1970 3202
246 273 330 315 348
714 292 966 319 THEOPHILI
999 292 1137 320 LIBER
1167 294 1234 321 111.

245 388 431 443 superius
460 389 531 442 ita,
562 396 608 431 ut
637 406 730 432 cum
766 393 916 449 linguae
950 394 1214 435 cantantibus
1250 393 1417 450 organis
1447 394 1690 447 educuntur,

245 470 330 496 non
363 458 524 511 penitus
556 460 838 503 extrahantur.
901 462 978 503 His
1013 462 1070 503 ita
1105 461 1317 518 dispositis
1351 461 1692 518 conglutinentur

245 524 334 565 haec
369 526 453 567 duo
488 526 613 583 ligna,
650 544 743 585 quae
777 530 948 571 domum
990 546 1240 587 organorum
1277 531 1503 572 conficiunt
1538 531 1693 586 glutine

246 593 379 645 casei3
411 594 560 636 deinde
590 603 727 652 partes
758 598 835 638 illae
866 614 959 655 quae
987 613 1109 654 super
1138 599 1300 655 linguas
1331 605 1429 640 sunt
1450 600 1621 655 junctae,
1651 599 1694 638 in

247 661 397 717 quibus
418 663 620 706 foramina
642 672 767 717 stant,
796 667 935 723 sicque
961 667 1308 708 circumcidantur
1332 667 1549 723 diligenter
1569 674 1610 709 et
1631 682 1695 708 ra-

248 730 411 772 dantur.

574 1103 885 1165 CAPUT
967 1103 1380 1165 LXXXIII.

769 1262 828 1288 DE
859 1260 1184 1289 CONFLATORIO.

347 1357 794 1401 ONFLATORIUM
828 1359 1025 1410 facturus,
1057 1359 1266 1414 conjunge
1296 1358 1371 1399 tibi
1401 1359 1484 1400 duo
1512 1359 1624 1416 ligna
1648 1359 1700 1400 de

403 1429 572 1485 platano
593 1428 720 1470 modo
751 1443 835 1484 quo
862 1442 999 1483 supra,
1026 1427 1284 1483 longitudine
1305 1428 1422 1483 pedis
1442 1428 1575 1478 unius,
1597 1443 1702 1485 quo-

252 1512 343 1538 rum
365 1497 418 1538 sit
438 1511 521 1538 una
549 1497 688 1552 palma
718 1496 909 1551 spissum,
940 1497 1115 1537 alterum
1143 1496 1273 1537 tribus
1299 1495 1453 1553 digitis,
1474 1495 1639 1552 sintque
1657 1495 1701 1536 in

251 1579 336 1606 una
366 1564 501 1605 fronte
532 1565 711 1605 rotunda
742 1565 784 1605 in
814 1566 985 1606 modum
1014 1565 1134 1615 scuti,
1165 1571 1207 1606 et
1235 1565 1294 1605 ibi
1325 1565 1431 1620 pede
1460 1570 1502 1605 et
1528 1562 1701 1604 dimidio

252 1634 359 1685 lata;
395 1633 436 1673 in
472 1633 600 1674 altera
631 1633 766 1674 fronte
798 1632 960 1684 obtusa,
995 1632 1214 1674 latitudine
1244 1633 1366 1674 unius
1394 1632 1534 1689 palmi.
1595 1631 1702 1680 Quae

253 1716 348 1743 cum
377 1701 598 1757 diligenter
628 1701 850 1756 conjuncta
881 1701 1033 1742 fuerint
1061 1701 1198 1742 incide
1228 1701 1271 1741 in
1301 1701 1485 1757 spissiori
1514 1700 1629 1756 ligno
1659 1700 1702 1740 in

254 1770 431 1812 rotunda
466 1770 600 1811 fronte
632 1769 836 1811 foramina
866 1770 978 1826 quod
1006 1770 1198 1822 volueris,
1227 1770 1454 1812 secundum
1485 1783 1700 1810 numerum

254 1838 429 1890 follium,
460 1844 501 1879 et
527 1838 570 1878 in
599 1838 748 1880 obtusa
778 1838 913 1880 fronte
939 1853 1080 1889 unum,
1110 1839 1223 1894 quod
1253 1838 1307 1880 sit
1326 1839 1474 1894 majus.
1538 1837 1703 1879 Deinde

254 1906 391 1948 incide
412 1907 466 1948 ab
493 1921 745 1963 unoquoque
771 1906 973 1948 foramine
997 1906 1154 1948 fossam
1185 1922 1311 1948 unam
1337 1907 1547 1948 deductim
1570 1921 1703 1963 usque

256 1975 310 2016 ad
328 1976 477 2031 majus,
494 1990 566 2031 per
581 1990 686 2031 quas
701 1975 808 2016 viam
827 1975 960 2031 possit
975 1975 1128 2016 habere
1144 1982 1292 2017 ventus
1307 1975 1506 2017 flantibus
1523 1975 1702 2016 follibus.

257 2045 407 2100 Sicque
432 2044 740 2100 conglutinabis
767 2044 858 2100 ipsa
885 2044 997 2100 ligna
1024 2044 1182 2100 glutine
1209 2044 1331 2095 casei,
1360 2050 1401 2085 et
1425 2043 1703 2085 circumdabis

257 2128 397 2169 panno
425 2114 533 2154 lineo
558 2128 668 2154 novo
700 2119 742 2154 et
771 2113 881 2164 forti,
905 2128 1029 2170 quem
1060 2113 1179 2154 linies
1209 2113 1356 2154 eodem
1385 2113 1541 2168 glutine
1561 2119 1607 2154 ut
1628 2113 1702 2154 ad-

257 2183 425 2232 haereat,
447 2182 575 2223 facies
603 2196 770 2238 quoque
802 2182 1000 2238 ligaturas
1027 2182 1179 2223 ferreas
1204 2182 1345 2233 fortes,
1371 2182 1540 2223 interius
1571 2188 1611 2223 et
1631 2197 1702 2223 ex-

256 2250 382 2291 terius
416 2251 886 2305 circumstagnatas‚cne
917 2251 1078 2306 possint
1098 2266 1150 2292 ex
1180 2251 1321 2306 tignea
1340 2251 1351 2271 ¹
1384 2251 1566 2300 dissolvi,
1597 2265 1703 2307 quas

258 2319 445 2374 configes
476 2318 603 2359 clavis
634 2319 769 2373 longis
799 2320 988 2374 capitatis
1019 2325 1144 2375 atque
1176 2320 1393 2375 stagnatis,
1435 2320 1493 2360 ita
1523 2327 1568 2360 ut
1596 2319 1703 2360 inter

258 2387 341 2428 duo
359 2387 562 2428 foramina
577 2387 754 2442 ligatura
769 2388 834 2439 sit,
851 2403 943 2444 quae
965 2389 1290 2443 comprehendat
1304 2395 1524 2444 utrumque
1543 2387 1702 2442 lignum

259 2470 284 2496 a
304 2455 490 2510 superius
506 2455 637 2495 latere
647 2470 778 2512 usque
794 2456 846 2497 ad
863 2457 1044 2497 inferius.
1087 2457 1253 2498 Deinde
1270 2457 1436 2513 acquire
1453 2457 1526 2498 tibi
1543 2458 1700 2512 lignum

260 2538 429 2564 curvum
449 2523 502 2564 de
522 2538 690 2579 quercu,
713 2539 858 2565 sanum
881 2530 922 2565 et
943 2525 1061 2575 forte,
1084 2526 1196 2581 quod
1217 2525 1371 2567 habeat
1386 2526 1427 2566 in
1449 2540 1530 2566 una
1552 2526 1702 2577 fronte,

259 2607 285 2633 a
306 2598 525 2633 curvatura
545 2593 846 2648 longitudinem
866 2593 983 2649 pedis
1003 2596 1138 2645 unius,
1163 2594 1206 2634 in
1227 2595 1356 2635 altera
1376 2594 1566 2646 duorum,
1587 2594 1702 2650 quod

259 2660 487 2716 perforabis
520 2661 562 2702 in
601 2668 776 2718 utraque
814 2662 947 2703 fronte
986 2663 1150 2704 terebro
1185 2678 1353 2720 magno,
1394 2679 1477 2720 quo
1518 2663 1710 2705 forantur.

218 2731 220 2734 ’
261 2729 427 2771 medioli
446 2729 488 2770 in
516 2731 618 2772 rotis
645 2731 781 2773 aratri.
843 2731 925 2772 Sed
954 2731 1053 2788 quia
1083 2731 1286 2773 foramina
1315 2748 1399 2774 non
1430 2739 1606 2789 possunt
1625 2732 1702 2774 sibi

261 2797 427 2839 obviare
462 2805 629 2854 propter
668 2806 944 2852 curvaturam,
987 2791 1064 2842 facl
1094 2801 1166 2842 tibi
1207 2800 1358 2843 ferrum
1398 2801 1511 2858 quod
1540 2801 1706 2843 *habeat

747 2921 755 2940 ¹
780 2933 817 2953 ex
834 2922 980 2964 tignarial
1009 2925 1097 2962 quasi
1112 2936 1208 2965 opere.
