1970 3202
287 258 342 297 22
767 275 1018 304 THEOPHILI
1052 277 1187 304 LIBER
1218 277 1246 305 Ι.

681 464 972 528 CAP[NJJ
1067 466 1349 528 XVIIL

527 610 587 637 DE
618 611 818 640 GLUTINE
848 613 970 640 CORII
1002 613 1058 640 ET
1088 612 1307 641 CORNUUM
1341 613 1490 641 CERVI.

395 707 478 749 UO
519 710 737 766 diligenter
773 714 997 764 exsiccato,
1032 714 1130 754 tolle
1170 713 1372 754 incisuras
1406 713 1594 768 ejusdem
1634 712 1734 753 corii

387 792 388 796 ¹
411 776 597 818 similiter
626 779 856 821 exsiccatas
887 786 928 820 et
958 780 1178 836 diligenter
1207 781 1342 822 incide
1373 780 1664 836 particulatim,
1692 788 1734 821 et

284 844 492 898 accipiens
524 859 680 886 cornua
714 848 824 887 cervi
858 848 1095 888 minutatim
1125 848 1340 889 confracta
1377 847 1527 887 malleo
1563 847 1733 898 ferrarii,

283 926 406 966 super
425 912 633 964 incudem,
656 929 862 969 compone
892 915 935 955 in
966 916 1090 956 ollam
1120 929 1289 966 novam,
1311 914 1445 955 donec
1471 914 1524 954 sit
1546 914 1731 964 dimidia,

282 985 323 1019 et
352 979 477 1034 imple
507 995 602 1020 eam
632 996 755 1037 aqua,
785 982 927 1039 sicque
952 983 1105 1024 adhibe
1134 984 1274 1038 ignem
1311 984 1445 1024 donec
1475 989 1734 1038 excoquatur

281 1048 403 1088 tertia
433 1063 528 1103 pars
558 1050 743 1104 ejusdem
775 1065 910 1106 aquae,
939 1051 998 1092 sic
1029 1057 1171 1091 tamen
1203 1057 1250 1091 ut
1283 1064 1368 1090 non
1401 1050 1547 1090 bulliat
1558 1066 1569 1101 3
1602 1055 1643 1090 et
1675 1050 1733 1089 ita

282 1116 504 1170 probabis:
537 1117 603 1158 fac
624 1118 777 1173 digitos
807 1123 903 1159 tuos
935 1118 1129 1159 humidos
1161 1118 1308 1159 eadem
1339 1118 1462 1174 aqua,
1483 1124 1525 1158 et
1546 1132 1643 1158 cum
1669 1131 1732 1157 re-

282 1183 466 1238 frigerati
506 1184 670 1235 fuerint,
704 1185 738 1226 si
775 1186 853 1226 sibi
894 1185 1123 1238 adhaerent,
1158 1186 1314 1226 bonum
1355 1191 1419 1225 est
1458 1185 1629 1240 gluten;
1668 1185 1731 1224 sin

281 1258 434 1302 autem,
456 1253 616 1293 tamdiu
637 1268 772 1309 coque
793 1255 926 1295 donec
948 1254 1026 1294 sibi
1052 1254 1306 1294 adhaereant.
1370 1253 1534 1293 Deinde
1565 1251 1732 1293 effunde

280 1319 415 1374 ipsum
446 1321 589 1376 gluten
619 1321 661 1361 in
683 1336 758 1362 vas
794 1322 1011 1372 mundum,
1033 1328 1075 1362 et
1104 1335 1265 1361 rursum
1294 1320 1422 1375 imple
1451 1321 1578 1361 ollam
1609 1319 1733 1375 aqua,

280 1392 321 1428 et
341 1402 473 1444 coque
495 1389 600 1429 sicut
622 1389 748 1444 prius,
769 1389 911 1445 sicque
932 1389 1061 1430 facias
1082 1403 1214 1444 usque
1234 1394 1393 1444 quater.

729 1723 1026 1786 CAPUT
1100 1723 1288 1785 XIX.

750 1872 810 1898 DE
840 1871 1019 1905 ALBATU
1025 1870 1084 1898 ΒΑ
1113 1870 1257 1898 GYPSI.

279 1968 635 2067 POSTHAEC
671 1973 769 2013 tolle
801 1986 984 2027 gypsum
1019 1985 1134 2012 more
1166 1971 1292 2012 calcis
1325 1969 1608 2018 combustum,
1643 1968 1735 2009 sive

382 2045 552 2090 cretam,
583 2040 668 2095 qua
701 2041 828 2095 pelles
862 2039 1123 2090 dealbantur,
1155 2045 1197 2079 et
1230 2044 1316 2079 tere
1350 2037 1568 2093 diligenter
1607 2051 1731 2092 super

280 2106 463 2161 lapidem
484 2122 580 2148 cum
602 2122 736 2164 aqua:
767 2108 917 2149 deinde
938 2107 1055 2148 mitte
1075 2107 1118 2147 in
1139 2121 1213 2147 vas
1233 2112 1426 2156 testeum,
1447 2112 1489 2146 et
1507 2104 1731 2145 infundens

277 2175 421 2229 gluten
452 2175 564 2227 corii,
586 2191 696 2231 pone
727 2190 850 2232 super
879 2176 1098 2227 carbones,
1125 2180 1172 2216 ut
1199 2175 1341 2230 gluten
1366 2173 1562 2230 liquefiat,
1587 2174 1730 2229 sicque

276 2242 398 2284 linies
419 2258 514 2284 cum
537 2243 715 2298 pincello
737 2258 860 2299 super
877 2243 1013 2299 ipsum
1034 2242 1193 2284 corium
1209 2240 1470 2292 tenuissime;
1496 2254 1546 2281 ac
1565 2240 1730 2292 deinde,

277 2326 372 2352 cum
406 2311 562 2352 siccum
594 2311 728 2362 fuerit,
762 2306 880 2352 linies
910 2310 1211 2366 aliquantulum
1244 2309 1439 2364 spissius;
1480 2313 1522 2349 et
1556 2308 1590 2348 si
1625 2323 1730 2364 opus

276 2379 411 2430 fuerit,
448 2378 567 2419 linies
609 2378 743 2419 tertio.
818 2378 1012 2434 Cumque
1053 2377 1223 2418 omnino
1264 2375 1421 2417 siccum
1462 2375 1596 2427 fuerit,
1631 2376 1730 2416 tolle

274 2447 462 2498 herbam,
485 2461 578 2502 quae
606 2453 779 2487 vocatur
805 2446 1019 2502 asperella‚
1039 2460 1135 2500 quae
1165 2444 1313 2485 crescit
1342 2443 1386 2484 in
1416 2443 1725 2484 similitudinem

269 2514 389 2568 junci
410 2518 451 2553 et
471 2518 534 2554 est
562 2513 749 2564 nodosa;
781 2527 908 2569 quam
930 2527 1026 2553 cum
1056 2512 1099 2552 in
1129 2517 1272 2552 aestate
1302 2512 1529 2567 collegeris,
1550 2511 1727 2553 siccabis

275 2582 317 2621 in
350 2581 449 2631 sole,
471 2586 512 2621 et
542 2594 594 2620 ex
626 2594 675 2620 ea
706 2580 872 2621 fricabis
902 2580 1036 2636 ipsam
1065 2579 1366 2631 dealbaturam,
1389 2579 1525 2620 donec
1554 2579 1725 2620 omnino

274 2648 399 2702 plana
419 2653 462 2688 et
480 2647 617 2688 lucida
637 2648 712 2688 fiat
726 2646 751 2688 ¹.

321 2763 328 2780 ¹
348 2763 382 2794 Si
398 2774 467 2794 vero
483 2763 613 2794 defuerit
628 2764 741 2794 corium
756 2764 795 2794 ad
812 2763 1042 2804 cooperiendum
1065 2763 1194 2801 tabulas,
1209 2763 1313 2793 eodem
1336 2762 1423 2792 modo
1438 2766 1470 2791 et
1484 2762 1588 2791 eodem
1609 2761 1727 2801 glutine

276 2818 483 2857 cooperiantur
497 2828 563 2848 cum
580 2828 689 2857 pann0,
706 2818 896 2849 mediocriter
917 2829 1005 2856 novo,
1021 2817 1088 2856 lini,
1105 2817 1153 2847 vel
1175 2817 1390 2848 canabi—Ex
1407 2817 1480 2847 Ood.
1499 2817 1574 2856 Κεφ.
1590 2817 1726 2847 Parisii.
