1970 3202
298 289 375 330 146
766 301 1018 328 THEOPHILI
1051 301 1186 328 mmm
1218 302 1266 330 11.

292 401 480 442 obstrues
502 417 549 443 os
570 400 750 443 fornacis
772 401 1003 456 diligenter,
1025 415 1074 441 ac
1097 400 1285 456 superius
1307 400 1496 442 foramen
1519 413 1591 453 per
1622 398 1735 453 quod

290 467 428 508 fumus
461 469 614 520 exibat,
646 483 778 524 usque
814 469 916 508 dum
949 482 1023 523 per
1050 482 1094 508 se
1124 467 1351 523 refrigeret.
1412 467 1479 507 Ad
1512 466 1593 507 hoc
1627 467 1738 506 valet

287 535 381 576 calx
401 541 443 576 et
462 536 565 577 cinis
586 550 709 591 super
729 535 928 586 tabulam,
952 541 996 576 ut
1016 541 1152 576 servet
1171 535 1337 586 vitrum,
1360 550 1411 575 ne
1433 548 1558 589 super
1572 533 1734 574 nudum

290 617 315 643 a
335 603 473 644 calore
505 603 800 659 confringatur.
863 602 1012 658 Ejecto
1041 609 1181 644 autem
1214 603 1320 644 vitro
1353 603 1498 658 proba,
1532 600 1736 656 sipossis

288 684 384 710 cum
406 685 544 727 ungue
565 676 637 712 tuo
659 671 839 711 colorem
862 670 1033 711 erodere
1045 687 1056 722 ;
1090 671 1123 711 si
1145 685 1243 722 non,
1261 670 1414 711 sufficit
1433 670 1484 721 ei,
1499 670 1563 711 sin
1582 674 1735 718 autem,

286 736 432 778 iterum
467 752 632 793 repone.
691 738 780 778 Tali
813 738 940 778 modo
962 738 1152 793 partibus
1186 737 1383 778 omnibus
1416 737 1561 789 coctis,
1583 750 1737 792 repone

288 819 411 859 super
430 806 615 846 tabulam
636 805 823 860 singulas
842 804 885 845 in
907 819 981 846 suo
1002 806 1122 857 loco;
1154 805 1305 846 deinde
1328 804 1456 846 funde
1477 806 1662 846 calamos
1684 818 1736 844 ex

287 886 389 926 puro
412 873 583 927 plumbo
604 872 684 913 hoc
705 872 846 913 modo.

697 1207 999 1269 CAPUT
1074 1205 1321 1268 XXIV.

738 1361 798 1388 DE
829 1360 961 1388 FERRI
968 1361 987 1387 S
1018 1360 1288 1388 INFUSORIIS.

388 1467 466 1509 AC
487 1468 562 1509 tibi
581 1468 687 1509 duos
708 1468 851 1519 ferros,
871 1467 1092 1508 latitudine
1112 1467 1339 1523 digitorum
1367 1467 1547 1509 duorum
1568 1473 1611 1508 et
1629 1467 1735 1523 spis-

388 1535 567 1576 situdine
595 1535 716 1576 unius
757 1534 887 1590 digiti,
921 1534 1265 1590 longitudineque
1298 1534 1421 1575 unius
1459 1534 1581 1575 ulnae.
1643 1534 1736 1575 Hos

286 1603 500 1658 copulabis
531 1603 573 1643 in
594 1616 677 1643 una
710 1601 949 1643 summitate
969 1601 1013 1641 in
1043 1601 1216 1642 modum
1247 1601 1463 1642 cardinum
1484 1608 1531 1642 ut
1553 1602 1631 1643 sibi
1661 1602 1736 1643 ad-

285 1671 483 1722 haereant,
525 1676 566 1711 et
600 1684 685 1711 uno
721 1670 843 1711 clavo
876 1669 1106 1720 firmentur,
1142 1669 1203 1710 ita
1239 1674 1284 1710 ut
1319 1669 1484 1724 possint
1515 1669 1654 1710 claudi
1695 1676 1737 1710 et

285 1737 447 1792 aperiri,
469 1744 510 1778 et
529 1738 572 1778 in
600 1738 729 1778 altero
760 1737 896 1792 capite
928 1736 1234 1792 aliquantulum
1266 1737 1434 1778 latiores
1455 1742 1496 1778 et
1525 1737 1735 1779 tenuiores

283 1805 355 1857 ita,
376 1810 422 1845 ut
434 1819 530 1846 cum
550 1804 813 1855 clauduntur,
835 1804 888 1846 sit
909 1804 1029 1860 quasi
1049 1803 1211 1845 initium
1233 1804 1448 1846 foraminis
1479 1805 1664 1857 interius,
1696 1812 1737 1846 et

284 1872 507 1913 exteriores
527 1876 655 1913 costae
686 1871 900 1927 aequaliter
931 1871 1184 1927 procedant3
1228 1873 1371 1929 sicque
1404 1872 1639 1928 conjunges
1661 1887 1735 1913 eos

286 1954 379 1981 cum
401 1939 512 1991 lima,
534 1945 581 1980 ut
607 1938 709 1979 nihil
729 1938 898 1979 luminis
923 1938 1030 1979 inter
1057 1953 1129 1980 eos
1157 1940 1390 1995 perspicere
1418 1940 1568 1996 possis.
1630 1940 1737 1982 Post

285 2008 375 2049 haec
397 2007 607 2063 separabis
629 2021 700 2048 eos
721 2006 776 2047 ab
798 2006 988 2058 invicem,
1011 2012 1268 2063 acceptaque
1287 2008 1431 2064 regula
1451 2014 1524 2049 tua
1543 2008 1671 2050 facies
1693 2008 1735 2049 in

285 2075 423 2116 medio
443 2075 564 2116 unius
597 2074 725 2130 partis
747 2074 852 2115 duas
886 2074 1032 2126 lineas,
1054 2080 1096 2115 et
1117 2089 1139 2115 e
1160 2080 1308 2116 contra
1328 2075 1371 2115 in
1403 2075 1543 2117 medio
1564 2076 1735 2117 alterius

284 2144 401 2195 duas,
423 2157 448 2184 a
468 2157 632 2184 summo
652 2157 783 2198 usque
805 2142 1002 2183 deorsum
1023 2156 1152 2197 parva
1181 2142 1414 2194 latitudine,
1435 2148 1478 2184 et
1498 2143 1631 2185 fodies
1662 2159 1734 2185 eos

283 2211 390 2252 ferro
425 2210 615 2262 fossorio,
658 2225 743 2266 quo
789 2210 1041 2251 candelabra
1085 2210 1316 2261 fodiuntur,
1357 2225 1485 2266 quam
1526 2200 1732 2266 profunde

285 2278 476 2329 volueris,
498 2284 539 2318 et
558 2278 656 2318 rade
677 2277 848 2318 interius
868 2277 978 2318 inter
998 2277 1103 2318 duas
1125 2278 1290 2333 regulas
1310 2277 1522 2318 modicum
1545 2278 1587 2318 in
1617 2285 1733 2321 utro-

285 2360 366 2401 que
388 2345 509 2397 ferro,
531 2351 578 2385 ut
599 2359 694 2385 cum
716 2344 933 2399 plumbum
955 2344 997 2384 in
1018 2344 1077 2385 eis
1109 2344 1277 2396 fuderis,
1299 2359 1384 2385 una
1404 2359 1500 2399 pars
1523 2346 1607 2388 fiat.
1651 2334 1732 2387 'Os

283 2427 394 2463 vero,
415 2412 457 2452 in
475 2412 587 2467 quod
602 2411 801 2461 funditur,
818 2412 875 2452 ita
889 2411 1114 2463 ordinabis,
1131 2417 1179 2452 ut
1198 2426 1282 2453 una
1303 2426 1398 2467 pars
1421 2413 1513 2453 ferri
1529 2413 1733 2468 jungatur

282 2480 323 2519 in
345 2480 529 2530 alteram,
552 2494 604 2519 ne
623 2478 756 2534 'possit
775 2479 818 2518 in
840 2478 1054 2519 fundendo
1076 2478 1281 2520 vacillare.
