1970 3202
320 263 413 305 296·
757 276 1008 306 'rusormm
1041 278 1178 307 mmm
1209 278 1278 307 111.

380 376 592 419 Inferioris
607 383 747 419 autem
768 379 897 434 partis
913 378 1035 421 latior
1055 379 1220 431 limbus,
1239 378 1379 420 incisis
1400 377 1564 434 angulis
1584 377 1772 419 similiter

319 445 363 485 in
384 444 520 487 crucis
533 445 705 487 modum
723 446 983 499 formabitur,
1003 452 1051 489 ut
1065 447 1266 503 superiori
1287 452 1519 503 coaptetur,
1540 452 1583 487 et
1602 444 1772 486 inferior

321 512 472 554 limbus
503 513 548 554 in
574 514 798 555 rotundum
829 515 1010 556 finiatur.
1070 514 1151 557 His
1187 515 1322 557 taliter
1353 514 1507 571 aptatis
1547 515 1646 556 tolle
1685 514 1772 555 duo

319 579 437 636 ligna
469 580 523 621 ad
558 581 862 637 longitudinem
900 581 1018 638 pedis
1039 589 1082 624 et
1113 583 1437 639 grossitudinem
1467 597 1595 639 quam
1631 596 1771 623 ceram

322 647 479 689 habere
498 648 690 700 volueris,
711 649 908 706 aliudque
930 650 1090 706 lignum
1104 655 1234 692 tantae
1252 650 1525 706 longitudinis
1545 650 1771 692 rotundum

323 721 367 756 et
386 730 581 771 grossum
602 722 651 757 ut
680 717 803 758 hasta
821 718 979 759 lanceae
991 734 1004 770 ;
1035 724 1079 759 et
1108 717 1283 759 habebis
1303 719 1501 760 ascellam
1530 719 1660 760 latam
1680 719 1773 759 lon-

324 783 514 840 gitudine
549 783 683 839 pedis,
705 790 748 826 et
781 784 947 826 duabus
982 785 1094 827 ulnis
1125 786 1299 841 longam
1329 790 1372 827 et
1402 785 1525 827 valde
1554 785 1773 842 aequalem,

324 866 450 907 super
469 865 597 907 quam
632 852 820 908 configes
840 852 1040 908 praedicta
1072 853 1157 894 duo
1178 853 1307 909 ligna,
1328 853 1388 894 ita
1418 858 1467 894 ut
1499 868 1525 894 a
1559 868 1604 895 se
1637 853 1774 909 spatio

325 918 485 959 dimidii
506 918 624 974 pedis
654 918 868 975 disjuncta
887 921 1047 977 lignum
1068 926 1215 962 contra
1234 921 1394 976 lignum
1424 921 1638 978 aequaliter
1658 926 1774 976 apte-

323 992 403 1027 tur.
466 985 635 1028 Deinde
655 987 754 1029 tolle
775 1002 913 1029 ceram
934 1003 1082 1044 puram
1103 1003 1231 1046 quam
1251 989 1339 1045 igni
1359 989 1595 1045 appositam
1615 988 1777 1030 fortiter

325 1053 571 1106 macerabis,
593 1053 738 1111 sicque
757 1055 939 1097 calidam
960 1056 1067 1098 inter
1087 1057 1172 1098 duo
1193 1056 1308 1113 ligna
1329 1071 1453 1112 super
1471 1057 1670 1098 ascellam
1691 1056 1776 1096 col-

324 1121 495 1174 locabis,
511 1121 624 1178 prius
645 1136 758 1179 aqua
777 1123 994 1179 sub'lnsita
1014 1139 1067 1166 ne
1087 1124 1338 1175 adhaereant,
1359 1132 1401 1166 et
1429 1124 1530 1165 illud
1551 1123 1776 1165 rotundum

324 1189 485 1246 lignum
524 1189 808 1232 madefactum
847 1191 1034 1248 utrisque
1074 1192 1267 1234 manibus
1302 1192 1460 1233 fortiter
1495 1190 1777 1247 superducens

325 1257 557 1299 secundum
571 1258 882 1314 spissitudinem
895 1259 1105 1316 lignorum
1118 1260 1369 1302 attenuabis.
1431 1259 1491 1301 Et
1510 1274 1606 1301 cum
1623 1259 1778 1300 multas

326 1332 468 1382 partes
506 1327 689 1383 aequales
720 1342 825 1369 cerae
864 1329 1088 1384 paraveris,
1120 1329 1271 1370 sedens
1301 1329 1427 1384 juxta
1459 1328 1601 1384 ignem
1641 1328 1778 1369 incide

325 1408 397 1436 eas
437 1395 716 1450 particulatim
757 1397 990 1437 secundum
1029 1397 1178 1453 spatia,
1219 1411 1312 1453 quae
1352 1396 1396 1437 in
1426 1396 1572 1452 argilla
1610 1395 1779 1437 turibuli

325 1462 545 1514 incideras,
566 1468 609 1504 et
639 1463 862 1520 unicuique
894 1465 1032 1520 spatio
1050 1479 1170 1507 suam
1202 1464 1449 1521 particulam
1475 1465 1639 1507 modice
1671 1465 1779 1506 cale-

326 1530 481 1572 factam
503 1530 683 1586 aptabis,
703 1536 830 1587 atque
845 1547 941 1573 cum
963 1532 1071 1574 ferro
1087 1533 1139 1574 ad
1161 1533 1244 1574 hoc
1264 1547 1372 1589 opus
1393 1539 1492 1588 apto
1504 1538 1555 1574 ·et
1574 1531 1779 1573 calefacto

327 1598 697 1640 circumsolidabis.
757 1599 951 1656 Cumque
971 1600 1052 1642 hoc
1073 1601 1201 1642 modo
1221 1607 1356 1643 totum
1386 1601 1579 1642 nucleum
1599 1600 1780 1641 exterius

328 1667 607 1723 cooperueris,
629 1667 771 1724 accipe
801 1667 955 1709 ferrum
975 1674 1100 1710 tenue
1121 1683 1173 1710 ex
1202 1674 1379 1725 utraque
1398 1674 1516 1724 parte
1536 1673 1706 1709 acutum
1736 1667 1780 1708 in

330 1735 504 1776 modum
525 1736 690 1792 gracilis
712 1736 890 1792 sagittae,
912 1750 1007 1777 cum
1038 1736 1212 1792 parvula
1232 1736 1380 1788 cauda,
1402 1736 1540 1793 ligneo
1562 1736 1781 1777 manubrio

329 1803 519 1856 infixum,
555 1810 597 1845 et
628 1819 725 1845 cum
759 1804 828 1847 illo
863 1819 916 1846 ex
947 1804 1061 1846 omni
1096 1811 1214 1860 parte
1251 1804 1535 1856 circumcides,
1568 1810 1610 1845 et
1642 1804 1783 1845 buxeo

329 1870 444 1927 ligno
466 1871 614 1913 eodem
635 1872 763 1914 modo
783 1871 965 1914 formato
986 1873 1191 1928 planabis,
1213 1880 1255 1915 et
1273 1879 1321 1914 ut
1339 1873 1383 1914 in
1402 1872 1539 1913 nullo¹
1571 1872 1665 1913 loco
1686 1886 1783 1913 cera

332 1939 503 1995 spissior
538 1940 624 1981 sive
658 1940 823 1982 tenuior
852 1941 907 1982 sit
940 1955 1067 1997 quam
1096 1941 1140 1982 in
1174 1941 1271 1993 alio,
1299 1940 1553 1997 procurabis.
1616 1938 1782 1980 Deinde

331 2008 524 2063 pertrahe
555 2007 599 2049 in
631 2009 805 2065 singulis
840 2009 1046 2051 frontibus
1080 2010 1266 2065 singulos
1294 2023 1428 2059 arcuS,
1457 2014 1500 2049 et
1527 2007 1572 2049 in
1604 2006 1784 2063 obliquis

330 2075 558 2131 parietibus
589 2077 790 2129 similiter,
811 2083 853 2119 et
884 2078 962 2120 sub
982 2077 1158 2134 singulis
1185 2076 1364 2119 arcubus
1384 2090 1438 2118 ex
1470 2081 1647 2131 utraque
1666 2080 1785 2130 parte

331 2142 518 2199 singulas
538 2145 695 2196 valvas,
712 2145 771 2187 ita
783 2152 831 2186 ut
849 2160 1110 2202 unaquaeque
1125 2146 1248 2187 valva
1268 2150 1460 2202 quartam
1480 2150 1643 2200 partem
1660 2142 1784 2199 spatii

332 2212 559 2264 contineat,
575 2219 617 2253 et
631 2213 726 2254 duae
741 2220 879 2270 partes
899 2214 943 2255 in
955 2214 1094 2255 medio
1110 2219 1378 2266 remaneant;
1408 2213 1452 2253 in
1471 2211 1624 2268 quibus
1639 2210 1785 2267 spatiis

331 2279 545 2334 pertrahes
566 2280 645 2321 sub
665 2291 920 2337 unoquoque
939 2296 1038 2323 arcu
1059 2282 1244 2337 singulas
1259 2280 1466 2336 imagines
1485 2280 1784 2335 apostolorum,
1852 2330 1858 2336 „

331 2363 427 2405 quae
465 2349 638 2404 singulae
678 2355 848 2390 teneant
883 2349 1071 2406 singulos
1102 2349 1265 2402 breves,
1300 2348 1439 2404 effigie
1473 2362 1558 2404 qua
1591 2347 1783 2399 volueris,-

333 2431 511 2473 quorum
532 2417 704 2458 nomina
725 2416 880 2458 scribes
900 2416 944 2457 in
964 2416 1094 2458 limbo
1114 2416 1225 2459 circa
1254 2430 1387 2458 arcus,
1450 2415 1501 2456 In
1522 2414 1666 2471 spatiis
1685 2429 1784 2456 vero

331 2485 561 2541 triangulis,
582 2484 655 2541 qui
683 2490 885 2526 tectorum
908 2484 1058 2540 pinnas
1087 2484 1308 2536 sustinent,
1328 2483 1528 2525 formabis
1549 2483 1787 2524 similitudi-

333 2568 429 2594 nem
449 2553 635 2609 lapidum
648 2552 885 2604 duodecim,
901 2551 1129 2608 disponens
1144 2551 1367 2607 unicuique
1380 2551 1570 2607 apostolo
1587 2550 1787 2592 conveni·

333 2628 471 2664 entem
507 2621 703 2678 lapidem,
725 2620 954 2662 secundum
982 2618 1331 2676 significationem
1362 2618 1544 2661 nominis
1579 2619 1655 2671 sui,
1676 2633 1785 2676 quo-

804 2760 812 2780 ¹
837 2762 857 2779 “
872 2760 952 2800 moy
968 2758 1074 2792 vitiose*
1090 2760 1128 2791 in
1141 2760 1215 2792 MS.
1231 2759 1363 2791 videtur.
