1970 3202
337 278 420 318 372
809 290 1060 318 TnEoPmm
1094 289 1231 318 LIBER
1263 291 1332 318 111.

335 392 443 432 tellae
467 397 508 432 et
528 391 608 432 alia
630 406 728 432 vasa
752 391 902 446 lignea,
931 391 987 431 ita
1016 397 1061 431 ut
1086 405 1169 432 una
1194 392 1417 446 columpna
1443 391 1614 433 firmiter
1632 396 1725 441 stet,
1747 396 1787 431 et

336 459 465 500 altera
486 465 714 511 moveatur,
736 474 829 515 quae
845 466 987 500 tamen
1007 474 1102 500 cum
1124 459 1317 515 apposita
1338 459 1460 500 fuerit
1479 459 1647 500 inferius
1668 460 1786 501 clavo

334 526 449 567 tenui
472 527 715 569 firmabitur.
770 527 885 569 Inter
905 528 1150 583 columpnas
1171 533 1308 568 statue
1329 527 1507 568 formam
1529 532 1569 568 et
1589 534 1787 583 utrosque

335 594 477 635 clavos
508 595 551 635 in
581 595 666 636 suis
698 595 984 645 foraminibus,
1016 595 1276 651 corrigiaque
1307 594 1416 635 circa
1445 595 1606 650 lignum
1635 594 1786 650 posita,

335 667 460 718 atque
489 663 658 704 sedente
685 678 814 718 puero
843 663 913 719 qui
941 678 1034 704 eam
1063 664 1215 714 trahat,
1240 663 1427 704 tornabis
1453 663 1560 704 sicut
1590 663 1789 718 placuerit

334 745 557 786 ceramque
579 746 845 786 superpones.
910 730 1008 779 Qua
1040 731 1225 771 similiter
1257 731 1432 782 tornata,
1463 731 1570 772 educ
1596 745 1620 771 a
1641 745 1788 771 manu-

334 799 425 840 brio
456 799 634 839 formam
665 813 759 839 cum
791 798 913 849 ferro,
942 798 1227 853 appositisque
1248 798 1462 854 spiraculis
1491 805 1533 839 et
1552 799 1700 854 argilla
1720 813 1788 839 su-

335 865 539 921 perducta
550 871 676 922 atque
689 865 858 917 siccata,
873 866 975 922 ejice
990 880 1130 906 ceram
1145 871 1186 906 et
1197 865 1250 906 ad
1265 866 1575 921 recoquendum
1589 866 1631 906 in
1648 867 1787 908 forna-

335 948 427 975 cem
443 948 566 988 pone‚
581 933 707 974 modo
736 947 821 989 quo
843 933 1043 989 superius.
1094 932 1287 988 Cumque
1307 933 1477 974 interius
1498 933 1667 977 omnino
1688 948 1789 975 can-

335 1001 471 1042 duerit
490 1002 592 1057 ejice
606 1001 660 1042 ab
681 1001 791 1057 igne,
813 1007 855 1042 et
876 1001 935 1042 sic
951 1001 1039 1042 sine
1054 1001 1196 1057 jacere
1212 1001 1346 1042 donec
1367 1000 1643 1056 refrigeretur,
1663 1001 1723 1042 ita
1742 1007 1789 1042 ut

333 1069 377 1109 in
393 1069 521 1111 manu
534 1069 792 1125 aliquantum
813 1069 946 1124 possit
959 1068 1102 1110 teneri.
1150 1068 1384 1125 Statimque
1399 1069 1623 1124 liquefacto
1636 1075 1787 1124 stagno

333 1138 376 1178 in
397 1138 550 1193 patella
579 1138 723 1188 ferrea,
754 1137 839 1178 sive
866 1137 908 1177 in
935 1143 1056 1189 testa,
1086 1152 1182 1178 cum
1208 1143 1374 1192 tempus
1399 1136 1520 1178 fuerit
1540 1136 1787 1178 infundendi

333 1205 552 1262 adjiciatur
581 1206 618 1247 ei
649 1206 861 1247 modicum
883 1205 965 1247 vivi
994 1205 1172 1261 argenti,
1202 1205 1260 1246 ita
1289 1212 1350 1257 ut,
1382 1205 1414 1246 si
1441 1211 1506 1247 est
1524 1206 1629 1247 libra
1649 1206 1787 1262 stagni

332 1274 544 1331 quadrans
557 1274 611 1315 sit
626 1274 708 1315 vivi
724 1274 898 1329 argenti,
912 1281 955 1315 et
971 1274 1059 1315 sine
1077 1288 1195 1315 mora
1211 1273 1357 1314 formae
1370 1274 1624 1315 infundatur.
1679 1273 1789 1322 Quae

334 1358 430 1385 cum
455 1343 578 1384 fuerit
605 1343 774 1385 omnino
802 1342 1056 1397 refrigerata,
1098 1342 1316 1398 frangatur
1342 1342 1522 1383 exterius
1555 1342 1713 1398 argilla,
1747 1347 1790 1383 et

334 1410 517 1467 reposito
542 1410 777 1461 manubrio,
799 1410 936 1452 denuo
957 1410 999 1450 in
1025 1410 1300 1452 tornatorium
1329 1416 1565 1466 reponatur,
1588 1415 1716 1465 atque
1736 1424 1788 1453 ex

335 1478 448 1520 omni
470 1484 587 1534 parte
607 1478 821 1534 aequaliter
840 1483 1041 1529 tornetur,
1072 1477 1126 1518 ad
1147 1478 1337 1519 ultimum
1358 1492 1456 1518 vero
1489 1477 1692 1533 asperella
1713 1491 1789 1532 po-

332 1547 467 1588 liatur.
520 1546 628 1588 Post
648 1546 739 1587 haec
760 1546 972 1587 modicum
994 1545 1137 1602 accipe
1158 1546 1211 1587 de
1231 1546 1389 1587 eisdem
1412 1545 1564 1586 rasuris
1586 1544 1724 1601 stagni
1744 1550 1786 1585 et

335 1615 562 1657 commisce
576 1629 722 1670 parum
739 1614 820 1655 vivi
837 1614 1011 1669 argenti,
1028 1613 1252 1670 digitisque
1269 1614 1349 1655 tuis
1367 1613 1534 1655 fricabis
1548 1613 1682 1655 donec
1697 1628 1788 1654 om-

332 1684 431 1727 nino
451 1684 660 1740 liquefiat3
685 1683 826 1739 sicque
840 1697 938 1731 cum
958 1682 1182 1737 panniculo
1204 1682 1312 1723 circa
1330 1683 1559 1738 ampullam
1580 1682 1788 1723 tornando

331 1752 450 1793 linies
482 1751 756 1808 quoadusque
792 1752 902 1792 sicca
934 1756 976 1791 et
1008 1751 1120 1791 clara
1152 1757 1390 1802 remaneat3
1434 1751 1614 1792 deducto
1648 1756 1788 1792 autem

333 1819 443 1861 ferro
471 1826 513 1860 et
538 1819 720 1860 interiori
752 1819 911 1874 argilla,
945 1818 1054 1860 circa
1087 1818 1276 1859 foramen
1308 1818 1477 1859 inferius
1504 1818 1548 1859 in
1582 1833 1666 1874 quo
1699 1823 1789 1859 erat

333 1887 500 1939 ferrum,
531 1887 664 1928 fodies
685 1887 728 1928 in
748 1886 887 1927 medio
908 1889 1059 1941 stagno
1081 1886 1295 1937 fossulam,
1327 1892 1369 1927 et
1388 1887 1431 1927 in
1451 1901 1501 1928 eo
1516 1887 1671 1942 junges
1692 1901 1787 1942 par-

332 1956 502 1997 ticulam
523 1956 711 2011 ejusdem
733 1955 884 2011 stagni,
915 1954 1078 1997 modice
1102 1954 1342 2010 spissiorem
1367 1970 1496 2011 quam
1518 1955 1572 1996 sit
1591 1955 1787 2011 ampulla,

333 2029 461 2080 atque
489 2023 662 2064 interius
693 2037 802 2078 pone
831 2023 990 2078 lignum
1021 2023 1262 2075 rotundum,
1299 2023 1371 2064 cui
1395 2023 1594 2064 innitatur
1623 2028 1670 2064 ut
1699 2037 1787 2064 non

326 2092 618 2147 complicetur,
640 2097 682 2132 et
711 2105 809 2132 cum
839 2090 1038 2132 mediocri
1069 2091 1218 2131 malleo
1239 2091 1419 2132 exterius
1438 2096 1620 2146 percute,
1651 2091 1786 2132 donec

332 2160 504 2202 fossuris
534 2160 614 2201 illis
642 2159 865 2200 inducatur
894 2165 936 2200 et
965 2159 1137 2200 firmiter
1166 2164 1258 2200 stet.
1331 2158 1466 2200 Aliter
1495 2158 1620 2199 etiam
1649 2158 1786 2214 ipsum

332 2228 522 2269 foramen
549 2227 762 2268 obstruere
793 2233 925 2282 potes.
988 2226 1150 2282 Inpone
1178 2227 1373 2283 ampullae
1396 2227 1557 2283 lignum
1578 2231 1625 2267 ut
1650 2239 1788 2281 supra,

333 2295 448 2354 quod
468 2295 511 2335 in
533 2295 773 2336 summitate
799 2293 1024 2350 panniculo
1045 2294 1245 2346 involves,
1274 2294 1576 2350 plumbumque
1596 2293 1787 2349 simplex,

333 2363 376 2403 in
396 2362 614 2414 foramine,
646 2376 739 2403 rasa
769 2368 810 2403 et
839 2376 935 2403 cera
963 2361 1085 2413 illico,
1116 2362 1387 2418 liquefactum
1417 2361 1626 2412 infundes,
1657 2366 1700 2402 et
1727 2360 1786 2402 ita

333 2429 578 2472 festinanter
596 2444 691 2470 cum
712 2430 905 2471 malleolo
926 2429 1125 2485 aequabis.
