1970 3202
263 258 348 299 366
731 273 988 301 THEOPHILI
1021 274 1159 302 LIBER
1189 275 1260 303 111.

263 371 509 428 refrigerari,
539 372 594 413 ab
624 373 799 414 humore
838 380 956 416 terrae
985 374 1200 417 inflaretur
1229 381 1272 416 et
1301 379 1518 431 campana*
1546 377 1719 433 absque,

263 440 392 481 dubio
425 440 666 482 finderetur.
741 440 839 490 Qua
875 442 1022 497 ejecta,
1058 443 1150 498 ipsa
1185 443 1321 484 forma
1354 443 1505 485 iterum
1538 444 1721 500 erigatur

262 521 387 562 super
407 513 573 559 terram,
595 508 739 564 sicque
760 515 854 561 stet,
876 510 1010 551 donec
1036 511 1218 552 exterius
1240 511 1412 553 omnino
1433 511 1696 567 refrigeretur
1708 526 1719 562 3

263 574 406 630 sicque
436 575 652 631 frangatur
681 577 830 633 argilla
860 584 902 619 et
927 578 1068 619 circuli
1098 578 1327 634 ejiciantur,
1358 584 1401 620 et
1430 578 1629 635 quicquid
1658 578 1723 619 in-

263 643 423 698 aequale
455 644 638 685 exterius
673 645 808 692 fuerit,
831 646 990 687 malleis
1023 646 1157 687 acutis
1190 646 1408 687 incidatur.
1478 646 1645 688 Deinde
1677 646 1721 686 in

263 711 402 752 medio
428 726 645 767 campanae
673 718 854 768 ponatur
874 713 1049 769 lignum,
1076 713 1173 754 huie
1201 713 1334 754 simile
1360 714 1404 754 in
1425 730 1508 770 quo
1539 714 1721 770 primum

263 779 397 820 forma
416 785 583 821 tornata
603 786 679 831 est,
710 786 752 821 et
771 785 953 836 quatuor
973 781 1063 821 aliis
1085 780 1208 835 lignis
1230 781 1273 822 in
1296 781 1468 822 modum
1490 782 1624 823 crucis
1645 781 1721 822 ob-

263 847 451 887 firmetur
479 862 552 888 ora
578 848 680 903 ejus,
714 848 773 888 ita
793 853 841 888 ut
860 847 1107 888 infusorium
1137 848 1281 904 jaceat
1306 863 1430 904 super
1454 864 1584 890 unum
1607 864 1722 890 asse-

263 930 365 966 rem,
397 920 439 955 et
458 915 559 956 illud
593 916 752 971 lignum
781 931 905 971 super
934 916 1128 967 alterum,
1161 921 1208 957 ut
1234 916 1416 972 inposito
1444 932 1572 958 curvo
1593 917 1722 973 ligno,

263 982 395 1038 possit
415 997 624 1038 campana
649 984 820 1035 tornari,
851 990 980 1041 atque
1000 998 1096 1025 cum
1123 983 1296 1025 sabuleo
1323 985 1463 1040 lapide
1488 999 1562 1040 per
1582 985 1724 1026 omnia

262 1050 431 1106 aequari.
492 1050 599 1092 Post
634 1052 737 1103 haec,
779 1052 1029 1093 infusorium
1066 1066 1118 1093 ex
1151 1057 1331 1108 utraque
1368 1058 1486 1107 parte
1517 1052 1722 1104 limatum,

262 1117 483 1173 diligenter
502 1118 733 1175 frangatur,
765 1125 807 1161 et
827 1120 939 1161 circa
966 1120 1119 1162 collum
1147 1120 1231 1161 duo
1259 1119 1374 1176 ligna
1401 1121 1723 1176 conjungantur,

262 1186 433 1228 inferius
466 1201 539 1242 per
571 1188 756 1228 medium
787 1188 938 1240 minus,
975 1194 1017 1230 et
1050 1188 1238 1243 superius
1274 1188 1317 1229 in
1349 1188 1523 1229 circuitu
1558 1189 1721 1245 majus3

263 1270 357 1311 quae
401 1255 517 1311 ligna
564 1255 730 1297 duobus
778 1256 943 1298 circulis
987 1256 1151 1298 fortiter
1197 1256 1549 1312 constringantur,
1598 1261 1724 1312 atque

263 1323 404 1364 ferreis
435 1323 611 1364 vinculis
637 1338 690 1364 ex
711 1323 826 1365 omni
855 1330 972 1380 parte
1000 1324 1111 1366 circa
1139 1339 1262 1366 aures
1290 1324 1551 1380 colligantur.
1614 1324 1723 1365 Illud

263 1406 362 1433 vero
383 1391 520 1447 majus
540 1391 702 1447 lignum
723 1392 777 1432 sit
798 1392 963 1435 modice
985 1392 1152 1448 longius
1174 1407 1302 1449 quam
1324 1406 1531 1447 campana
1551 1392 1605 1434 sit
1623 1393 1723 1443 lata,

263 1457 318 1499 sit
337 1473 420 1514 que
439 1458 483 1498 in
504 1459 820 1501 summitatibus
851 1460 1114 1516 aliquantum
1142 1459 1337 1516 gracilius
1357 1474 1486 1516 quam
1507 1459 1549 1500 in
1570 1459 1724 1511 medio,

264 1533 306 1567 et
336 1527 380 1567 in
412 1527 513 1583 ipsis
546 1528 857 1570 summitatibus
891 1529 1047 1570 habeat
1079 1529 1185 1570 duos
1219 1529 1350 1569 ferros
1383 1543 1554 1584 grossos
1585 1534 1627 1569 et
1658 1543 1724 1569 ro-

263 1595 432 1646 tundos,
450 1609 628 1651 quorum
649 1596 870 1651 longitudo
891 1596 945 1637 sit
965 1596 1074 1638 intra
1092 1597 1254 1653 lignum
1276 1596 1405 1652 spacii
1426 1595 1586 1637 dimidii
1607 1596 1725 1651 pedis

263 1668 305 1703 et
325 1668 444 1703 extra
463 1663 585 1704 unius
613 1664 753 1719 palmi.
816 1663 1009 1720 Cumque
1039 1665 1247 1720 aptaveris
1269 1664 1374 1705 duas
1393 1665 1534 1705 trabes
1555 1665 1610 1705 ad
1631 1679 1724 1706 sus-

264 1730 501 1786 cipiendam
519 1745 785 1787 campanam,
803 1732 870 1774 fac
890 1732 934 1772 in
955 1732 1015 1774 eis
1035 1732 1141 1773 duas
1162 1746 1378 1774 mensuras
1399 1732 1563 1774 duobus
1584 1732 1725 1788 digitis

264 1798 508 1854 profundas,
541 1799 584 1839 in
605 1799 757 1856 quibus
779 1800 886 1841 clavi
907 1799 964 1840 illi
996 1800 1141 1856 magni
1165 1800 1443 1851 involvantur,
1474 1799 1552 1841 sub
1573 1800 1725 1855 quibus

263 1867 389 1907 etiam
407 1882 537 1922 pones
559 1868 665 1909 duos
687 1868 819 1910 ferros
841 1882 1006 1920 curVOS,
1020 1868 1075 1909 ad
1096 1868 1324 1910 servandas
1345 1868 1497 1909 trabes.
1557 1867 1728 1910 Habeat

263 1934 391 1975 etiam
412 1935 512 1976 illud
535 1935 721 1990 grossius
741 1935 903 1991 lignum
917 1936 961 1977 in
982 1951 1066 1992 quo
1087 1936 1244 1992 pendet
1264 1950 1470 1991 campana
1490 1936 1533 1976 in
1549 1942 1726 1992 utraque

263 2009 382 2058 parte
403 2003 568 2059 singula
594 2003 816 2056 foramina,
846 2004 891 2045 in
912 2004 1066 2060 quibus
1087 2009 1297 2059 ponantur
1323 2003 1406 2045 duo
1426 2003 1541 2060 ligna
1561 2018 1727 2046 sursum

263 2070 539 2126 respicientia,
561 2071 712 2127 quibus
733 2071 856 2113 funes
878 2072 1145 2113 innectantur
1165 2072 1219 2113 ad
1239 2072 1509 2127 pulsandum.
1553 2071 1726 2113 Corium

265 2139 392 2180 etiam
425 2140 620 2195 spissum,
654 2140 707 2181 de
728 2140 836 2181 collo
865 2139 977 2181 cervi
1010 2139 1350 2195 circumponatur
1378 2139 1486 2180 ferro
1506 2138 1565 2179 illi
1585 2153 1726 2191 curvo,

264 2207 378 2263 quod
408 2206 580 2248 interius
610 2207 740 2249 haeret
758 2207 802 2249 in
822 2207 961 2249 medio
988 2222 1216 2263 campanae,
1247 2207 1288 2247 in
1310 2222 1394 2263 quo
1426 2207 1592 2248 batillus
1624 2221 1726 2262 pen-

264 2275 385 2327 deat3
417 2275 489 2331 qui
509 2275 563 2316 sit
581 2280 709 2316 tantae
723 2275 999 2332 longitudinis
1018 2280 1065 2316 ut
1083 2274 1319 2331 promineat
1338 2279 1457 2316 extra
1476 2288 1726 2330 campanam

265 2343 400 2398 spatio
430 2342 662 2384 latitudinis
700 2357 865 2395 manus,
902 2342 1039 2399 sitque
1073 2342 1258 2399 grossior
1287 2342 1330 2383 in
1351 2343 1435 2384 fine
1464 2342 1725 2398 longitudine

264 2411 387 2454 unius
407 2412 571 2468 palmae,
592 2425 840 2468 sursumque
860 2410 1067 2467 gracilior.
