<?xml version="1.0" encoding="UTF-8"?>
<!DOCTYPE html PUBLIC "-//W3C//DTD XHTML 1.0 Transitional//EN"
    "http://www.w3.org/TR/xhtml1/DTD/xhtml1-transitional.dtd">
<html xmlns="http://www.w3.org/1999/xhtml" xml:lang="en" lang="en">
 <head>
  <title>
</title>
<meta http-equiv="Content-Type" content="text/html;charset=utf-8" />
  <meta name='ocr-system' content='tesseract 3.04.00' />
  <meta name='ocr-capabilities' content='ocr_page ocr_carea ocr_par ocr_line ocrx_word'/>
</head>
<body>
  <div class='ocr_page' id='page_1' title='image "./theophiliquietru00theouoft_0190.png"; bbox 0 0 1970 3202; ppageno 0'>
   <div class='ocr_carea' id='block_1_1' title="bbox 216 243 1193 285">
    <p class='ocr_par' dir='ltr' id='par_1_1' title="bbox 216 243 1193 285">
     <span class='ocr_line' id='line_1_1' title="bbox 216 243 1193 285; baseline 0.002 -2"><span class='ocrx_word' id='word_1_1' title='bbox 216 243 299 283; x_wconf 84' lang='lat'>120</span> <span class='ocrx_word' id='word_1_2' title='bbox 691 257 942 285; x_wconf 72' lang='lat' dir='ltr'>&#39;rnnopmm</span> <span class='ocrx_word' id='word_1_3' title='bbox 975 257 1111 285; x_wconf 71' lang='lat' dir='ltr'>mmm</span> <span class='ocrx_word' id='word_1_4' title='bbox 1144 258 1193 284; x_wconf 86' lang='lat'>11.</span> 
     </span>
    </p>
   </div>
   <div class='ocr_carea' id='block_1_2' title="bbox 209 353 1667 750">
    <p class='ocr_par' dir='ltr' id='par_1_2' title="bbox 209 353 1667 750">
     <span class='ocr_line' id='line_1_2' title="bbox 211 353 1661 412; baseline 0.001 -17"><span class='ocrx_word' id='word_1_5' title='bbox 211 353 446 412; x_wconf 85' lang='lat' dir='ltr'>Postquam</span> <span class='ocrx_word' id='word_1_6' title='bbox 477 356 566 397; x_wconf 85' lang='lat' dir='ltr'>haec</span> <span class='ocrx_word' id='word_1_7' title='bbox 598 357 656 398; x_wconf 88' lang='lat' dir='ltr'>ita</span> <span class='ocrx_word' id='word_1_8' title='bbox 691 357 962 407; x_wconf 79' lang='lat' dir='ltr'>ordinaveris,</span> <span class='ocrx_word' id='word_1_9' title='bbox 1004 357 1070 398; x_wconf 88' lang='lat' dir='ltr'>fac</span> <span class='ocrx_word' id='word_1_10' title='bbox 1099 362 1260 412; x_wconf 86' lang='lat' dir='ltr'>partem</span> <span class='ocrx_word' id='word_1_11' title='bbox 1294 355 1531 397; x_wconf 84' lang='lat' dir='ltr'>interiorem</span> <span class='ocrx_word' id='word_1_12' title='bbox 1567 370 1661 396; x_wconf 89' lang='lat' dir='ltr'>cum</span> 
     </span>
     <span class='ocr_line' id='line_1_3' title="bbox 210 422 1665 475; baseline 0.001 -13"><span class='ocrx_word' id='word_1_13' title='bbox 210 435 330 463; x_wconf 87' lang='lat' dir='ltr'>muro</span> <span class='ocrx_word' id='word_1_14' title='bbox 358 422 550 464; x_wconf 83' lang='lat' dir='ltr'>exteriori</span> <span class='ocrx_word' id='word_1_15' title='bbox 574 424 618 465; x_wconf 91' lang='lat' dir='ltr'>in</span> <span class='ocrx_word' id='word_1_16' title='bbox 646 424 956 467; x_wconf 86' lang='lat' dir='ltr'>similitudinem</span> <span class='ocrx_word' id='word_1_17' title='bbox 981 425 1151 466; x_wconf 83' lang='lat' dir='ltr'>fornicis</span> <span class='ocrx_word' id='word_1_18' title='bbox 1177 424 1349 475; x_wconf 71' lang='lat' dir='ltr'>arcuali,</span> <span class='ocrx_word' id='word_1_19' title='bbox 1376 423 1547 464; x_wconf 89' lang='lat' dir='ltr'>interius</span> <span class='ocrx_word' id='word_1_20' title='bbox 1572 423 1665 464; x_wconf 88' lang='lat' dir='ltr'>alti-</span> 
     </span>
     <span class='ocr_line' id='line_1_4' title="bbox 209 488 1665 549; baseline 0 -20"><span class='ocrx_word' id='word_1_21' title='bbox 209 489 354 531; x_wconf 87' lang='lat' dir='ltr'>tudine</span> <span class='ocrx_word' id='word_1_22' title='bbox 373 491 537 533; x_wconf 92' lang='lat' dir='ltr'>modice</span> <span class='ocrx_word' id='word_1_23' title='bbox 558 493 735 548; x_wconf 90' lang='lat' dir='ltr'>amplius</span> <span class='ocrx_word' id='word_1_24' title='bbox 764 493 921 534; x_wconf 91' lang='lat' dir='ltr'>dimidii</span> <span class='ocrx_word' id='word_1_25' title='bbox 947 493 1079 549; x_wconf 87' lang='lat' dir='ltr'>pedis,</span> <span class='ocrx_word' id='word_1_26' title='bbox 1099 492 1159 534; x_wconf 88' lang='lat' dir='ltr'>ita</span> <span class='ocrx_word' id='word_1_27' title='bbox 1177 498 1224 533; x_wconf 89' lang='lat' dir='ltr'>ut</span> <span class='ocrx_word' id='word_1_28' title='bbox 1244 491 1433 547; x_wconf 86' lang='lat' dir='ltr'>superius</span> <span class='ocrx_word' id='word_1_29' title='bbox 1454 491 1579 531; x_wconf 86' lang='lat' dir='ltr'>larem</span> <span class='ocrx_word' id='word_1_30' title='bbox 1603 488 1665 529; x_wconf 86' lang='lat' dir='ltr'>fa-</span> 
     </span>
     <span class='ocr_line' id='line_1_5' title="bbox 211 556 1663 615; baseline -0.001 -18"><span class='ocrx_word' id='word_1_31' title='bbox 211 556 298 598; x_wconf 84' lang='lat' dir='ltr'>cias</span> <span class='ocrx_word' id='word_1_32' title='bbox 316 559 522 614; x_wconf 89' lang='lat' dir='ltr'>aequalem</span> <span class='ocrx_word' id='word_1_33' title='bbox 543 574 616 615; x_wconf 90' lang='lat' dir='ltr'>per</span> <span class='ocrx_word' id='word_1_34' title='bbox 636 560 791 612; x_wconf 85' lang='lat' dir='ltr'>omnia,</span> <span class='ocrx_word' id='word_1_35' title='bbox 813 575 910 601; x_wconf 90' lang='lat' dir='ltr'>cum</span> <span class='ocrx_word' id='word_1_36' title='bbox 930 561 1047 602; x_wconf 86' lang='lat' dir='ltr'>labro</span> <span class='ocrx_word' id='word_1_37' title='bbox 1063 560 1280 601; x_wconf 87' lang='lat' dir='ltr'>altitudine</span> <span class='ocrx_word' id='word_1_38' title='bbox 1296 559 1424 600; x_wconf 52' lang='lat' dir='ltr'>trium&gt;</span> <span class='ocrx_word' id='word_1_39' title='bbox 1436 557 1663 613; x_wconf 80' lang='lat' dir='ltr'>digitorum</span> 
     </span>
     <span class='ocr_line' id='line_1_6' title="bbox 211 623 1663 685; baseline 0.001 -22"><span class='ocrx_word' id='word_1_40' title='bbox 211 623 254 664; x_wconf 91' lang='lat' dir='ltr'>in</span> <span class='ocrx_word' id='word_1_41' title='bbox 274 624 447 667; x_wconf 88' lang='lat' dir='ltr'>circuitu</span> <span class='ocrx_word' id='word_1_42' title='bbox 476 627 627 682; x_wconf 89' lang='lat' dir='ltr'>posito,</span> <span class='ocrx_word' id='word_1_43' title='bbox 657 634 705 669; x_wconf 91' lang='lat' dir='ltr'>ut</span> <span class='ocrx_word' id='word_1_44' title='bbox 735 627 935 685; x_wconf 91' lang='lat' dir='ltr'>quicquid</span> <span class='ocrx_word' id='word_1_45' title='bbox 966 629 1103 683; x_wconf 89' lang='lat' dir='ltr'>operis</span> <span class='ocrx_word' id='word_1_46' title='bbox 1123 627 1188 668; x_wconf 90' lang='lat' dir='ltr'>vel</span> <span class='ocrx_word' id='word_1_47' title='bbox 1217 627 1499 668; x_wconf 88' lang='lat' dir='ltr'>utensiliorem</span> <span class='ocrx_word' id='word_1_48' title='bbox 1521 639 1663 680; x_wconf 87' lang='lat' dir='ltr'>super-</span> 
     </span>
     <span class='ocr_line' id='line_1_7' title="bbox 212 691 1667 750; baseline 0 -18"><span class='ocrx_word' id='word_1_49' title='bbox 212 692 379 746; x_wconf 82' lang='lat' dir='ltr'>ponitur</span> <span class='ocrx_word' id='word_1_50' title='bbox 397 708 483 735; x_wconf 91' lang='lat' dir='ltr'>non</span> <span class='ocrx_word' id='word_1_51' title='bbox 503 695 635 750; x_wconf 86' lang='lat' dir='ltr'>possit</span> <span class='ocrx_word' id='word_1_52' title='bbox 655 695 815 736; x_wconf 87' lang='lat' dir='ltr'>cadere.</span> <span class='ocrx_word' id='word_1_53' title='bbox 869 694 954 736; x_wconf 88' lang='lat' dir='ltr'>Iste</span> <span class='ocrx_word' id='word_1_54' title='bbox 976 695 1120 736; x_wconf 88' lang='lat' dir='ltr'>furnus</span> <span class='ocrx_word' id='word_1_55' title='bbox 1141 694 1290 736; x_wconf 90' lang='lat' dir='ltr'>dicitur</span> <span class='ocrx_word' id='word_1_56' title='bbox 1310 693 1500 735; x_wconf 86' lang='lat' dir='ltr'>clibanus</span> <span class='ocrx_word' id='word_1_57' title='bbox 1517 691 1667 748; x_wconf 87' lang='lat' dir='ltr'>operis.</span> 
     </span>
    </p>
   </div>
   <div class='ocr_carea' id='block_1_3' title="bbox 699 1111 1176 1174">
    <p class='ocr_par' dir='ltr' id='par_1_3' title="bbox 699 1111 1176 1174">
     <span class='ocr_line' id='line_1_8' title="bbox 699 1111 1176 1174; baseline -0.002 -1"><span class='ocrx_word' id='word_1_58' title='bbox 699 1111 1001 1174; x_wconf 86' lang='lat' dir='ltr'><strong>CAPUT</strong></span> <span class='ocrx_word' id='word_1_59' title='bbox 1080 1112 1176 1173; x_wconf 93' lang='lat' dir='ltr'>II.</span> 
     </span>
    </p>
   </div>
   <div class='ocr_carea' id='block_1_4' title="bbox 667 1279 1220 1308">
    <p class='ocr_par' dir='ltr' id='par_1_4' title="bbox 667 1279 1220 1308">
     <span class='ocr_line' id='line_1_9' title="bbox 667 1279 1220 1308; baseline 0.002 -2"><span class='ocrx_word' id='word_1_60' title='bbox 667 1279 727 1306; x_wconf 88' lang='lat' dir='ltr'>DE</span> <span class='ocrx_word' id='word_1_61' title='bbox 758 1280 910 1308; x_wconf 79' lang='lat' dir='ltr'><strong>FURNO</strong></span> <span class='ocrx_word' id='word_1_62' title='bbox 943 1280 1220 1308; x_wconf 81' lang='lat' dir='ltr'>REFRIGERII.</span> 
     </span>
    </p>
   </div>
   <div class='ocr_carea' id='block_1_5' title="bbox 215 1397 1671 1662">
    <p class='ocr_par' dir='ltr' id='par_1_5' title="bbox 215 1397 1671 1662">
     <span class='ocr_line' id='line_1_10' title="bbox 318 1397 1670 1458; baseline 0.003 -20"><span class='ocrx_word' id='word_1_63' title='bbox 318 1397 396 1439; x_wconf 87' lang='lat' dir='ltr'>AC</span> <span class='ocrx_word' id='word_1_64' title='bbox 426 1403 469 1439; x_wconf 89' lang='lat' dir='ltr'>et</span> <span class='ocrx_word' id='word_1_65' title='bbox 495 1399 624 1441; x_wconf 89' lang='lat' dir='ltr'>alium</span> <span class='ocrx_word' id='word_1_66' title='bbox 655 1401 836 1454; x_wconf 84' lang='lat' dir='ltr'>furnum,</span> <span class='ocrx_word' id='word_1_67' title='bbox 866 1402 1123 1458; x_wconf 84' lang='lat' dir='ltr'>longitudine</span> <span class='ocrx_word' id='word_1_68' title='bbox 1152 1416 1178 1442; x_wconf 87' lang='lat' dir='ltr'><strong>x</strong></span> <span class='ocrx_word' id='word_1_69' title='bbox 1207 1401 1362 1457; x_wconf 91' lang='lat' dir='ltr'>pedum</span> <span class='ocrx_word' id='word_1_70' title='bbox 1392 1406 1435 1442; x_wconf 90' lang='lat' dir='ltr'>et</span> <span class='ocrx_word' id='word_1_71' title='bbox 1453 1400 1670 1442; x_wconf 89' lang='lat' dir='ltr'>latitudine</span> 
     </span>
     <span class='ocr_line' id='line_1_11' title="bbox 318 1467 1671 1518; baseline 0.002 -12"><span class='ocrx_word' id='word_1_72' title='bbox 318 1479 419 1518; x_wconf 89' lang='lat' dir='ltr'>v111,</span> <span class='ocrx_word' id='word_1_73' title='bbox 439 1467 659 1509; x_wconf 83' lang='lat' dir='ltr'>altitudine</span> <span class='ocrx_word' id='word_1_74' title='bbox 678 1483 777 1511; x_wconf 88' lang='lat' dir='ltr'>vero</span> <span class='ocrx_word' id='word_1_75' title='bbox 797 1484 860 1512; x_wconf 82' lang='lat' dir='ltr'>lv,</span> <span class='ocrx_word' id='word_1_76' title='bbox 922 1470 1036 1512; x_wconf 91' lang='lat' dir='ltr'>Hinc</span> <span class='ocrx_word' id='word_1_77' title='bbox 1066 1469 1193 1511; x_wconf 89' lang='lat' dir='ltr'>facies</span> <span class='ocrx_word' id='word_1_78' title='bbox 1222 1469 1267 1510; x_wconf 89' lang='lat' dir='ltr'>in</span> <span class='ocrx_word' id='word_1_79' title='bbox 1296 1483 1381 1510; x_wconf 88' lang='lat' dir='ltr'>una</span> <span class='ocrx_word' id='word_1_80' title='bbox 1405 1468 1541 1509; x_wconf 88' lang='lat' dir='ltr'>fronte</span> <span class='ocrx_word' id='word_1_81' title='bbox 1562 1469 1671 1510; x_wconf 86' lang='lat' dir='ltr'>fora-</span> 
     </span>
     <span class='ocr_line' id='line_1_12' title="bbox 215 1533 1669 1594; baseline 0.003 -22"><span class='ocrx_word' id='word_1_82' title='bbox 215 1546 315 1573; x_wconf 93' lang='lat' dir='ltr'>men</span> <span class='ocrx_word' id='word_1_83' title='bbox 335 1533 389 1574; x_wconf 91' lang='lat' dir='ltr'>ad</span> <span class='ocrx_word' id='word_1_84' title='bbox 410 1533 665 1591; x_wconf 85' lang='lat' dir='ltr'>imponenda</span> <span class='ocrx_word' id='word_1_85' title='bbox 684 1536 799 1593; x_wconf 85' lang='lat' dir='ltr'>ligna</span> <span class='ocrx_word' id='word_1_86' title='bbox 818 1543 861 1579; x_wconf 89' lang='lat' dir='ltr'>et</span> <span class='ocrx_word' id='word_1_87' title='bbox 879 1537 1035 1594; x_wconf 90' lang='lat' dir='ltr'>ignem,</span> <span class='ocrx_word' id='word_1_88' title='bbox 1057 1543 1112 1589; x_wconf 89' lang='lat' dir='ltr'>et,</span> <span class='ocrx_word' id='word_1_89' title='bbox 1125 1537 1169 1578; x_wconf 91' lang='lat' dir='ltr'>in</span> <span class='ocrx_word' id='word_1_90' title='bbox 1184 1537 1312 1578; x_wconf 89' lang='lat' dir='ltr'>latere</span> <span class='ocrx_word' id='word_1_91' title='bbox 1327 1550 1427 1588; x_wconf 90' lang='lat' dir='ltr'>uno,</span> <span class='ocrx_word' id='word_1_92' title='bbox 1444 1535 1669 1576; x_wconf 84' lang='lat' dir='ltr'>fenestram</span> 
     </span>
     <span class='ocr_line' id='line_1_13' title="bbox 216 1600 1671 1662; baseline 0.002 -21"><span class='ocrx_word' id='word_1_93' title='bbox 216 1600 340 1642; x_wconf 90' lang='lat' dir='ltr'>unius</span> <span class='ocrx_word' id='word_1_94' title='bbox 370 1602 488 1657; x_wconf 88' lang='lat' dir='ltr'>pedis</span> <span class='ocrx_word' id='word_1_95' title='bbox 519 1604 573 1645; x_wconf 89' lang='lat' dir='ltr'>ad</span> <span class='ocrx_word' id='word_1_96' title='bbox 603 1604 891 1660; x_wconf 90' lang='lat' dir='ltr'>inponendum</span> <span class='ocrx_word' id='word_1_97' title='bbox 911 1611 954 1646; x_wconf 95' lang='lat' dir='ltr'>et</span> <span class='ocrx_word' id='word_1_98' title='bbox 973 1605 1223 1662; x_wconf 89' lang='lat' dir='ltr'>ejiciendum</span> <span class='ocrx_word' id='word_1_99' title='bbox 1244 1604 1358 1661; x_wconf 92' lang='lat' dir='ltr'>quod</span> <span class='ocrx_word' id='word_1_100' title='bbox 1388 1604 1671 1645; x_wconf 86' lang='lat' dir='ltr'>necessarium</span> 
     </span>
    </p>
   </div>
   <div class='ocr_carea' id='block_1_6' title="bbox 217 1668 1671 1795">
    <p class='ocr_par' dir='ltr' id='par_1_6' title="bbox 217 1668 1671 1795">
     <span class='ocr_line' id='line_1_14' title="bbox 217 1668 1671 1730; baseline 0.003 -22"><span class='ocrx_word' id='word_1_101' title='bbox 217 1668 354 1720; x_wconf 89' lang='lat' dir='ltr'>suerit,</span> <span class='ocrx_word' id='word_1_102' title='bbox 376 1676 418 1711; x_wconf 89' lang='lat' dir='ltr'>et</span> <span class='ocrx_word' id='word_1_103' title='bbox 437 1671 565 1712; x_wconf 88' lang='lat' dir='ltr'>larem</span> <span class='ocrx_word' id='word_1_104' title='bbox 586 1672 757 1714; x_wconf 88' lang='lat' dir='ltr'>interius</span> <span class='ocrx_word' id='word_1_105' title='bbox 787 1674 952 1714; x_wconf 85' lang='lat' dir='ltr'>firmam</span> <span class='ocrx_word' id='word_1_106' title='bbox 982 1679 1025 1714; x_wconf 87' lang='lat' dir='ltr'>et</span> <span class='ocrx_word' id='word_1_107' title='bbox 1053 1673 1271 1730; x_wconf 84' lang='lat' dir='ltr'>aequalem.</span> <span class='ocrx_word' id='word_1_108' title='bbox 1334 1672 1421 1713; x_wconf 84' lang='lat' dir='ltr'>Iste</span> <span class='ocrx_word' id='word_1_109' title='bbox 1442 1671 1587 1713; x_wconf 86' lang='lat' dir='ltr'>fumus</span> <span class='ocrx_word' id='word_1_110' title='bbox 1607 1671 1671 1712; x_wconf 90' lang='lat' dir='ltr'>di-</span> 
     </span>
     <span class='ocr_line' id='line_1_15' title="bbox 217 1735 765 1795; baseline 0.007 -18"><span class='ocrx_word' id='word_1_111' title='bbox 217 1735 325 1777; x_wconf 89' lang='lat' dir='ltr'>citur</span> <span class='ocrx_word' id='word_1_112' title='bbox 344 1737 533 1780; x_wconf 87' lang='lat' dir='ltr'>clibanus</span> <span class='ocrx_word' id='word_1_113' title='bbox 554 1739 765 1795; x_wconf 83' lang='lat' dir='ltr'>refrigerii.</span> 
     </span>
    </p>
   </div>
   <div class='ocr_carea' id='block_1_7' title="bbox 685 2159 1215 2222">
    <p class='ocr_par' dir='ltr' id='par_1_7' title="bbox 685 2159 1215 2222">
     <span class='ocr_line' id='line_1_16' title="bbox 685 2159 1215 2222; baseline 0 0"><span class='ocrx_word' id='word_1_114' title='bbox 685 2159 993 2222; x_wconf 89' lang='lat' dir='ltr'><strong>CAPUT</strong></span> <span class='ocrx_word' id='word_1_115' title='bbox 1069 2159 1215 2222; x_wconf 93' lang='grc' dir='ltr'><strong>ΙΙΙ.</strong></span> 
     </span>
    </p>
   </div>
   <div class='ocr_carea' id='block_1_8' title="bbox 395 2302 1498 2351">
    <p class='ocr_par' dir='ltr' id='par_1_8' title="bbox 395 2302 1498 2351">
     <span class='ocr_line' id='line_1_17' title="bbox 395 2302 1498 2351; baseline 0.001 -2"><span class='ocrx_word' id='word_1_116' title='bbox 395 2322 456 2349; x_wconf 78' lang='grc' dir='ltr'>ΒΕ</span> <span class='ocrx_word' id='word_1_117' title='bbox 486 2321 636 2350; x_wconf 74' lang='lat' dir='ltr'><strong>FURNO</strong></span> <span class='ocrx_word' id='word_1_118' title='bbox 669 2302 922 2349; x_wconf 56' lang='lat' dir='ltr'>DILATANDI</span> <span class='ocrx_word' id='word_1_119' title='bbox 954 2322 1010 2350; x_wconf 78' lang='lat' dir='ltr'>ET</span> <span class='ocrx_word' id='word_1_120' title='bbox 1040 2322 1294 2351; x_wconf 81' lang='lat' dir='ltr'>UTENSILIIS</span> <span class='ocrx_word' id='word_1_121' title='bbox 1325 2321 1498 2350; x_wconf 78' lang='lat' dir='ltr'><strong>OPERIS.</strong></span> 
     </span>
    </p>
   </div>
   <div class='ocr_carea' id='block_1_9' title="bbox 221 2430 1675 2897">
    <p class='ocr_par' dir='ltr' id='par_1_9' title="bbox 221 2430 1675 2897">
     <span class='ocr_line' id='line_1_18' title="bbox 225 2430 1672 2531; baseline 0.001 -58"><span class='ocrx_word' id='word_1_122' title='bbox 225 2430 501 2531; x_wconf 83' lang='lat' dir='ltr'><strong>FACIES</strong></span> <span class='ocrx_word' id='word_1_123' title='bbox 537 2432 665 2474; x_wconf 88' lang='lat' dir='ltr'>etiam</span> <span class='ocrx_word' id='word_1_124' title='bbox 698 2432 864 2474; x_wconf 87' lang='lat' dir='ltr'>furnum</span> <span class='ocrx_word' id='word_1_125' title='bbox 899 2432 1067 2474; x_wconf 87' lang='lat' dir='ltr'>tertium</span> <span class='ocrx_word' id='word_1_126' title='bbox 1099 2432 1360 2489; x_wconf 83' lang='lat' dir='ltr'>longitudine</span> <span class='ocrx_word' id='word_1_127' title='bbox 1395 2432 1548 2488; x_wconf 85' lang='lat' dir='ltr'>pedum</span> <span class='ocrx_word' id='word_1_128' title='bbox 1582 2447 1672 2485; x_wconf 89' lang='lat' dir='ltr'>sex,</span> 
     </span>
     <span class='ocr_line' id='line_1_19' title="bbox 322 2499 1673 2557; baseline 0.001 -17"><span class='ocrx_word' id='word_1_129' title='bbox 322 2500 542 2541; x_wconf 84' lang='lat' dir='ltr'>latitudine</span> <span class='ocrx_word' id='word_1_130' title='bbox 572 2506 767 2557; x_wconf 84' lang='lat' dir='ltr'>quatuor,</span> <span class='ocrx_word' id='word_1_131' title='bbox 802 2500 1021 2542; x_wconf 91' lang='lat' dir='ltr'>altitudine</span> <span class='ocrx_word' id='word_1_132' title='bbox 1059 2501 1200 2552; x_wconf 91' lang='lat' dir='ltr'>trium,</span> <span class='ocrx_word' id='word_1_133' title='bbox 1232 2506 1275 2542; x_wconf 90' lang='lat' dir='ltr'>et</span> <span class='ocrx_word' id='word_1_134' title='bbox 1305 2500 1495 2541; x_wconf 89' lang='lat' dir='ltr'>foramen</span> <span class='ocrx_word' id='word_1_135' title='bbox 1536 2499 1673 2542; x_wconf 85' lang='lat' dir='ltr'>fenes-</span> 
     </span>
     <span class='ocr_line' id='line_1_20' title="bbox 221 2568 1674 2625; baseline 0 -16"><span class='ocrx_word' id='word_1_136' title='bbox 221 2573 412 2625; x_wconf 88' lang='lat' dir='ltr'>tramque</span> <span class='ocrx_word' id='word_1_137' title='bbox 433 2574 476 2610; x_wconf 94' lang='lat' dir='ltr'>et</span> <span class='ocrx_word' id='word_1_138' title='bbox 494 2569 625 2609; x_wconf 85' lang='lat' dir='ltr'>larem</span> <span class='ocrx_word' id='word_1_139' title='bbox 646 2569 753 2610; x_wconf 92' lang='lat' dir='ltr'>sicut</span> <span class='ocrx_word' id='word_1_140' title='bbox 772 2568 975 2624; x_wconf 86' lang='lat' dir='ltr'>superius.</span> <span class='ocrx_word' id='word_1_141' title='bbox 1034 2568 1118 2610; x_wconf 91' lang='lat' dir='ltr'>Hic</span> <span class='ocrx_word' id='word_1_142' title='bbox 1147 2569 1293 2610; x_wconf 88' lang='lat' dir='ltr'>furnus</span> <span class='ocrx_word' id='word_1_143' title='bbox 1313 2568 1464 2610; x_wconf 74' lang='lat' dir='ltr'>dicitur</span> <span class='ocrx_word' id='word_1_144' title='bbox 1483 2568 1674 2610; x_wconf 88' lang='lat' dir='ltr'>clibanus</span> 
     </span>
     <span class='ocr_line' id='line_1_21' title="bbox 222 2636 1675 2693; baseline 0.001 -17"><span class='ocrx_word' id='word_1_145' title='bbox 222 2636 426 2677; x_wconf 82' lang='lat' dir='ltr'>dilatandi</span> <span class='ocrx_word' id='word_1_146' title='bbox 455 2642 498 2678; x_wconf 91' lang='lat' dir='ltr'>et</span> <span class='ocrx_word' id='word_1_147' title='bbox 526 2636 745 2693; x_wconf 81' lang='lat' dir='ltr'>aequandi3</span> <span class='ocrx_word' id='word_1_148' title='bbox 776 2636 968 2678; x_wconf 85' lang='lat' dir='ltr'>utensilia</span> <span class='ocrx_word' id='word_1_149' title='bbox 987 2651 1086 2678; x_wconf 89' lang='lat' dir='ltr'>vero</span> <span class='ocrx_word' id='word_1_150' title='bbox 1116 2637 1171 2678; x_wconf 88' lang='lat' dir='ltr'>ad</span> <span class='ocrx_word' id='word_1_151' title='bbox 1200 2636 1281 2678; x_wconf 88' lang='lat' dir='ltr'>hoc</span> <span class='ocrx_word' id='word_1_152' title='bbox 1304 2650 1409 2693; x_wconf 87' lang='lat' dir='ltr'>opus</span> <span class='ocrx_word' id='word_1_153' title='bbox 1438 2636 1675 2678; x_wconf 87' lang='lat' dir='ltr'>necessaria</span> 
     </span>
     <span class='ocr_line' id='line_1_22' title="bbox 222 2704 1672 2761; baseline -0.001 -15"><span class='ocrx_word' id='word_1_154' title='bbox 222 2710 322 2746; x_wconf 87' lang='lat' dir='ltr'>sunt</span> <span class='ocrx_word' id='word_1_155' title='bbox 341 2705 481 2745; x_wconf 83' lang='lat' dir='ltr'>fistula</span> <span class='ocrx_word' id='word_1_156' title='bbox 501 2704 634 2745; x_wconf 86' lang='lat' dir='ltr'>ferrea</span> <span class='ocrx_word' id='word_1_157' title='bbox 662 2704 926 2761; x_wconf 88' lang='lat' dir='ltr'>longitudine</span> <span class='ocrx_word' id='word_1_158' title='bbox 955 2705 1133 2747; x_wconf 85' lang='lat' dir='ltr'>duarum</span> <span class='ocrx_word' id='word_1_159' title='bbox 1162 2705 1370 2756; x_wconf 88' lang='lat' dir='ltr'>ulnarum,</span> <span class='ocrx_word' id='word_1_160' title='bbox 1391 2704 1672 2760; x_wconf 87' lang='lat' dir='ltr'>grossitudine</span> 
     </span>
     <span class='ocr_line' id='line_1_23' title="bbox 222 2772 1672 2830; baseline 0.001 -18"><span class='ocrx_word' id='word_1_161' title='bbox 222 2772 384 2827; x_wconf 88' lang='lat' dir='ltr'>pollicis</span> <span class='ocrx_word' id='word_1_162' title='bbox 403 2772 539 2825; x_wconf 88' lang='lat' dir='ltr'>unius,</span> <span class='ocrx_word' id='word_1_163' title='bbox 561 2773 738 2830; x_wconf 85' lang='lat' dir='ltr'>forcipes</span> <span class='ocrx_word' id='word_1_164' title='bbox 759 2774 844 2815; x_wconf 94' lang='lat' dir='ltr'>duo</span> <span class='ocrx_word' id='word_1_165' title='bbox 863 2772 907 2814; x_wconf 92' lang='lat' dir='ltr'>in</span> <span class='ocrx_word' id='word_1_166' title='bbox 933 2788 1019 2815; x_wconf 87' lang='lat' dir='ltr'>una</span> <span class='ocrx_word' id='word_1_167' title='bbox 1047 2778 1166 2829; x_wconf 87' lang='lat' dir='ltr'>parte</span> <span class='ocrx_word' id='word_1_168' title='bbox 1194 2772 1292 2814; x_wconf 86' lang='lat' dir='ltr'>ferri</span> <span class='ocrx_word' id='word_1_169' title='bbox 1320 2772 1519 2829; x_wconf 89' lang='lat' dir='ltr'>percussi,</span> <span class='ocrx_word' id='word_1_170' title='bbox 1539 2772 1672 2814; x_wconf 88' lang='lat' dir='ltr'>trullae</span> 
     </span>
     <span class='ocr_line' id='line_1_24' title="bbox 223 2839 1439 2897; baseline 0.001 -17"><span class='ocrx_word' id='word_1_171' title='bbox 223 2839 366 2881; x_wconf 86' lang='lat' dir='ltr'>ferreae</span> <span class='ocrx_word' id='word_1_172' title='bbox 387 2840 481 2881; x_wconf 86' lang='lat' dir='ltr'>duae</span> <span class='ocrx_word' id='word_1_173' title='bbox 499 2846 626 2897; x_wconf 89' lang='lat' dir='ltr'>atque</span> <span class='ocrx_word' id='word_1_174' title='bbox 647 2841 728 2883; x_wconf 86' lang='lat' dir='ltr'>alia</span> <span class='ocrx_word' id='word_1_175' title='bbox 747 2841 887 2897; x_wconf 86' lang='lat' dir='ltr'>lignea</span> <span class='ocrx_word' id='word_1_176' title='bbox 906 2846 949 2883; x_wconf 92' lang='lat' dir='ltr'>et</span> <span class='ocrx_word' id='word_1_177' title='bbox 966 2841 1113 2892; x_wconf 84' lang='lat' dir='ltr'>ferrea,</span> <span class='ocrx_word' id='word_1_178' title='bbox 1134 2855 1229 2897; x_wconf 88' lang='lat' dir='ltr'>quae</span> <span class='ocrx_word' id='word_1_179' title='bbox 1247 2840 1439 2882; x_wconf 87' lang='lat' dir='ltr'>volueris.</span> 
     </span>
    </p>
   </div>
   <div class='ocr_carea' id='block_1_10' title="bbox 1914 0 1970 3063">
    <p class='ocr_par' dir='ltr' id='par_1_10' title="bbox 1914 0 1970 3063">
     <span class='ocr_line' id='line_1_25' title="bbox 1914 0 1970 3063; baseline 0 0"><span class='ocrx_word' id='word_1_180' title='bbox 1914 0 1970 3063; x_wconf 95' lang='lat' dir='ltr'> </span> 
     </span>
    </p>
   </div>
  </div>
 </body>
</html>
