1970 3202
161 272 246 312 220
624 286 876 314 *rnssopmm
909 286 1046 313 LIBER
1076 286 1146 313 111.

156 383 343 439 graciles,
394 385 573 436 rotundi,
624 392 784 436 tenues,
834 386 1043 442 trianguli,
1095 385 1387 442 quadranguli,
1434 385 1610 436 recurvi,

156 456 281 506 prout
301 451 461 506 expetit
480 453 658 493 varietas
689 453 824 508 operis
855 454 1040 504 formati,
1070 453 1139 509 qui
1167 454 1316 494 malleo
1338 452 1494 493 debent
1514 467 1609 507 per—

155 518 253 559 cuti.
316 518 383 559 Fit
402 534 499 560 vero
531 520 683 560 ferrum
714 521 863 561 eodem
888 521 1015 562 modo
1036 522 1275 571 formatum,
1297 520 1370 561 sed
1391 519 1545 575 gracile
1565 519 1608 559 in

156 585 252 636 fine,
273 585 314 627 in
337 601 421 642 quo
442 592 505 628 est
536 587 723 629 foramen
753 589 881 629 altero
912 589 1020 629 ferro
1048 588 1265 642 graciliore
1285 587 1479 638 inditum,
1501 592 1543 628 et
1562 586 1604 626 in

155 652 328 694 circuitu
362 654 567 706 limatum,
603 656 716 711 quod
753 670 849 696 cum
886 670 1130 711 percussum
1166 655 1290 696 fuerit
1329 655 1373 695 in
1409 669 1510 695 auro
1542 654 1608 695 vel

155 727 329 775 argento
370 718 456 763 sive
500 736 628 777 cupro
677 723 892 774 deaurato,
935 730 1108 778 apparet
1150 722 1273 778 quasi
1314 721 1608 763 subtilissimus

155 787 345 830 circulus.

576 1043 899 1105 CAPUT
983 1041 1177 1103 XIV

613 1188 674 1215 DE
705 1189 862 1216 FERRIS
894 1188 1150 1216 INCISORIIS.

158 1285 367 1384 FIUN
372 1286 407 1327 T
427 1302 595 1343 quoque
625 1287 721 1328 ferri
741 1287 922 1328 incisorii
944 1287 1040 1328 talis
1071 1286 1386 1343 magnitudinis,
1408 1292 1455 1328 ut
1484 1288 1608 1343 plena

255 1369 382 1395 manu
396 1360 630 1406 teneantur,
647 1361 689 1395 et
704 1369 827 1410 super
839 1369 1010 1395 manum
1024 1354 1248 1404 emineant,
1266 1354 1337 1394 lati
1354 1360 1396 1395 et
1411 1356 1607 1410 aequales,

154 1421 322 1462 inferius
342 1422 467 1462 etiam
489 1437 659 1463 manum
681 1423 901 1474 excedant,
918 1421 1013 1473 lati,
1026 1428 1171 1462 tenues
1192 1427 1234 1462 et
1254 1421 1379 1462 acuti.
1441 1421 1606 1463 Horum

154 1490 261 1530 fiunt
290 1490 408 1530 multi
439 1490 555 1545 parvi
577 1495 619 1530 et
638 1490 795 1546 magni,
817 1490 970 1546 quibus
998 1489 1194 1530 inciditur
1215 1504 1363 1530 aurum
1384 1495 1426 1531 et
1457 1504 1607 1545 argen-

154 1563 246 1598 tum
266 1557 353 1598 sive
374 1572 549 1613 cuprum
571 1558 765 1613 spissum.

589 1852 907 1914 CAPUT
990 1851 1132 1913 XV

455 2006 515 2032 DE
546 2005 706 2032 FERRIS
738 2004 799 2031 AD
832 2004 1083 2032 FACIENDOS
1113 2002 1296 2031 CLAVOS.

233 2103 355 2153 UNT
396 2110 437 2144 et
458 2103 551 2144 ferri
586 2110 732 2145 tenues
766 2110 808 2144 et
842 2104 973 2145 stricti
1003 2102 1214 2158 perforati,
1234 2102 1277 2142 in
1313 2101 1465 2157 quibus
1497 2101 1602 2143 clavi

259 2171 508 2227 capitantur,
531 2172 687 2227 magni,
710 2171 943 2212 mediocres
963 2177 1005 2212 et
1026 2171 1155 2225 parvi.

586 2446 904 2509 CAPUT
983 2445 1172 2508 XVL

600 2594 661 2621 DE
682 2593 842 2621 PERRIS
874 2593 1145 2622 INFUSORIIS.

229 2697 352 2740 UNT
392 2697 518 2739 etiam
549 2695 643 2737 ferri
684 2693 886 2744 infusorii,
920 2692 1050 2748 longi,
1087 2691 1254 2733 rotundi
1285 2697 1327 2732 et
1362 2691 1523 2748 quadri,
1557 2692 1598 2733 in

255 2767 406 2824 quibus
421 2764 609 2806 funditur
624 2762 894 2818 liquefactum
911 2774 1072 2811 aurum,
1089 2765 1309 2815 argentum
1323 2760 1387 2800 vel
1409 2774 1598 2815 cuprum.

148 2837 255 2878 Sunt
274 2841 316 2877 et
348 2833 489 2875 circini
518 2832 635 2873 ferrei
668 2830 832 2872 duabus
855 2827 1041 2884 partibus
1074 2826 1310 2882 compositi,
1344 2827 1523 2882 majores
1557 2832 1599 2867 et

147 2904 342 2955 minores,
366 2901 464 2944 recti
487 2907 528 2942 et
549 2899 677 2941 curvi.
