1970 3202
186 240 271 282 224
658 254 909 282 'rnuopmm
944 255 1077 282 mmm
1109 255 1176 282 111.

183 353 335 394 fuerint
355 367 451 394 cum
485 353 691 404 malleolo,
714 354 801 395 sive
836 369 932 395 cum
953 355 1146 396 incisorio
1184 355 1305 405 ferro,
1327 358 1400 394 aut
1430 367 1524 394 cum
1548 353 1635 393 cul-

185 421 295 472 tello,
317 435 451 476 unges
471 435 542 462 eas
563 421 691 462 veteri
721 422 866 463 aruina
886 422 1014 478 porci,
1036 428 1077 463 et
1105 421 1385 463 circumdabis
1406 420 1636 476 corrigiolis

186 502 238 530 ex
273 489 432 530 hircino
468 489 580 531 corio
613 489 767 541 incisis,
790 490 1023 547 ligabisque
1054 491 1125 531 filo
1161 491 1284 531 lineo.
1347 489 1543 530 Posthaec
1565 503 1635 529 co-

184 557 346 611 operies
381 571 452 598 eas
493 557 639 613 argilla
670 558 881 600 macerata
915 558 1189 613 singulariter,
1226 557 1466 613 caudasque
1502 556 1636 596 nudas

186 624 383 665 dimittes.
444 623 637 679 Cumque
657 624 822 666 siccatae
844 624 1008 675 fuerint,
1031 624 1171 666 mittes
1193 625 1235 664 in
1255 624 1410 680 ignem,
1432 629 1474 664 et
1494 623 1636 664 suffla-

185 692 250 733 bis
266 691 436 742 fortiter,
458 691 807 747 combureturque
827 692 1000 743 corium,
1022 698 1064 733 et
1084 707 1180 733 cum
1210 691 1474 733 festinatione
1495 695 1636 731 extra-

186 759 290 800 hens
312 759 366 799 ab
388 759 534 814 argilla
555 759 788 815 extingues,
804 759 1016 815 aequaliter
1036 760 1079 799 in
1096 774 1220 815 aqua,
1241 764 1533 814 extractasque
1555 757 1636 797 sic-

186 826 302 867 cabis
325 826 377 867 ad
399 826 552 881 ignem.

646 1145 961 1208 CAPUT
1046 1145 1186 1206 XX

591 1293 651 1319 DE
681 1292 1051 1320 TEMPERAMENTO
1084 1293 1217 1319 FERRI
1225 1311 1232 1319 .

292 1391 442 1433 ERRI
484 1405 653 1447 quoque
694 1390 859 1432 fossorii
895 1396 1180 1446 temperantur
1210 1391 1292 1432 hoc
1327 1392 1470 1433 modo.
1530 1391 1640 1433 Cum

317 1459 448 1500 limati
478 1459 631 1500 fuerint
651 1463 693 1500 et
713 1458 797 1499 suis
827 1458 1056 1499 manubriis
1077 1458 1222 1513 aptati,
1244 1459 1463 1500 summitas
1494 1474 1638 1500 eorum

188 1526 365 1567 mittitur
384 1526 428 1567 in
448 1526 604 1582 ignem,
625 1531 667 1567 et
687 1540 787 1567 mox
808 1530 855 1567 ut
869 1526 1042 1582 coeperit
1062 1526 1326 1578 candescere,
1347 1527 1578 1568 extrahitur
1599 1532 1637 1567 et

188 1594 232 1634 in
253 1609 363 1651 aqua
382 1594 651 1650 extinguitur.

626 1932 930 1995 CAPUT
1011 1933 1205 1995 XXL

712 2080 820 2107 ITEM
855 2080 914 2106 DE
946 2080 1116 2108 EODEM.

293 2177 349 2218 ΙΤ
385 2177 509 2219 etiam
542 2176 655 2217 aliud
686 2183 1064 2232 temperamentum
1095 2178 1457 2229 ferramentorum,
1489 2176 1641 2234 quibus

291 2245 442 2286 vitrum
482 2245 676 2285 inciditur
711 2251 753 2286 et
783 2245 991 2292 molliores
1027 2246 1185 2301 lapides
1215 2246 1294 2286 hoc
1326 2246 1466 2286 modo.
1526 2244 1641 2286 Tolle

188 2312 351 2353 hircum
386 2311 606 2361 triennem,
628 2318 670 2352 et
696 2312 781 2367 liga
814 2327 910 2353 eum
930 2313 1042 2353 intus
1077 2313 1211 2354 tribus
1241 2313 1388 2354 diebus
1414 2313 1502 2353 sine
1533 2312 1641 2362 cibo,

189 2378 339 2435 quarta
358 2378 426 2419 die
446 2378 501 2419 da
521 2378 559 2419 ei
579 2378 732 2419 filicem
754 2380 972 2420 comedere
989 2386 1031 2420 et
1050 2380 1176 2421 nichil
1197 2380 1323 2421 aliud.
1385 2380 1524 2428 Quem
1546 2394 1639 2420 cum

188 2445 354 2486 duobus
393 2444 541 2485 diebus
581 2444 821 2495 comederit,
857 2445 1048 2500 sequenti
1085 2451 1210 2486 nocte
1251 2445 1437 2500 co-operi
1473 2459 1568 2485 eum
1599 2444 1641 2484 in

189 2512 303 2554 dolio
339 2511 509 2553 inferius
540 2511 764 2566 perforato,
786 2512 864 2553 sub
894 2512 1048 2568 quibus
1080 2509 1352 2554 foraminibus
1386 2526 1496 2567 pone
1528 2511 1640 2552 aliud

187 2595 263 2621 vas
283 2580 506 2635 integrum,
528 2578 571 2618 in
601 2594 686 2635 quo
707 2579 879 2635 colligas
909 2579 1067 2620 urinam
1101 2580 1202 2635 ejus.
1264 2579 1361 2627 Qua
1383 2579 1546 2620 duabus
1576 2580 1641 2620 vel

187 2647 320 2689 tribus
341 2647 533 2688 noctibus
554 2647 629 2687 tali
659 2646 787 2688 modo
809 2646 1061 2687 sufficienter
1081 2647 1268 2697 collecta,
1291 2647 1433 2688 emitte
1464 2646 1640 2696 hircum,

187 2720 230 2756 et
249 2714 293 2755 in
311 2714 404 2769 ipsa
424 2713 542 2753 urina
562 2714 815 2755 ferramenta
838 2721 910 2755 tua
940 2720 1138 2770 tempera.
1202 2714 1254 2754 In
1275 2714 1394 2755 urina
1415 2714 1539 2754 etiam
1562 2714 1640 2754 rufi

188 2781 304 2837 pueri
325 2781 484 2836 parvuli
521 2786 804 2836 temperantur
836 2782 1100 2832 ferramenta,
1122 2781 1265 2822 durius
1296 2795 1422 2837 quam
1455 2781 1496 2821 in
1532 2795 1642 2836 aqua

190 2848 382 2903 simplici.
