1970 3202
317 284 401 324 390
790 298 1042 326 THEOPHILI
1078 298 1215 326 mmm
1245 299 1315 326 111.

314 396 438 436 iidem
459 396 616 451 lapides
644 403 769 453 atque
798 398 1020 452 poliuntur.
1081 398 1107 439 J
1112 399 1312 449 acinctus,
1334 398 1405 455 qui
1428 398 1567 440 durior
1585 405 1660 451 est,
1682 400 1765 441 hoc

313 463 441 503 modo
463 463 626 518 politur.
688 464 765 505 Est
796 465 900 519 lapis
926 465 995 520 qui
1023 464 1173 506 dicitur
1201 465 1363 506 ismaris
1388 464 1459 521 qui
1480 467 1764 507 comminutus

314 530 448 571 donec
479 530 532 571 sit
557 532 664 573 sicut
694 532 899 582 sabulum,
931 532 1181 588 poniturque
1208 547 1333 587 super
1358 547 1557 587 cupream
1577 534 1768 575 tabulam

313 599 516 653 aequalem
538 599 647 654 aqua
667 599 834 649 mixtus,
857 604 899 639 et
918 599 1097 654 desuper
1112 600 1322 655 jacinctus
1344 600 1532 641 fricando
1550 601 1767 642 formatur.

317 664 473 706 Lotura
493 669 588 708 vero
613 681 706 722 quae
731 667 828 707 inde
856 667 948 706 fluit
977 667 1196 722 diligenter
1224 668 1267 707 in
1288 668 1396 722 pelvi
1420 667 1575 708 munda
1596 667 1768 722 suscipi-

315 739 419 783 atur,
445 740 486 774 et
514 748 609 774 cum
641 734 802 774 steterit
833 748 904 788 per
934 739 1114 783 noctem,
1142 735 1331 790 sequenti
1358 734 1424 776 die
1455 750 1566 791 aqua
1597 735 1766 790 penitus

314 799 513 854 ejiciatur,
542 807 584 842 et
612 801 745 857 pulvis
772 801 964 852 siccetur,
995 801 1067 856 qui
1093 807 1237 855 postea
1264 815 1386 856 super
1413 802 1598 843 tabulam
1626 816 1766 857 aequa-

313 866 395 907 lem
417 868 469 908 de
489 868 573 908 tilia
600 869 729 909 saliva
754 868 948 908 humidus
979 874 1171 923 ponatur,
1201 874 1326 924 atque
1355 869 1533 924 desuper
1555 869 1766 924 jacinctus

311 935 503 989 poliatur.
564 935 744 991 Lapides
765 950 932 991 quoque
952 936 1099 976 eodem
1121 936 1247 976 modo
1265 936 1382 977 vitrei
1403 937 1514 992 quod
1536 936 1765 978 cristallum

315 1000 512 1043 fricantur
532 1009 574 1043 et
594 1003 817 1059 poliuntur.

738 1460 1050 1523 CAPUT
1125 1459 1329 1523 XCV.

847 1617 907 1644 DE
940 1615 1233 1644 MARGARITIS.

443 1723 774 1766 ARGARITAE
795 1724 1061 1765 inveniuntur
1076 1724 1119 1765 in
1140 1724 1311 1765 conchis
1333 1723 1503 1765 marinis
1524 1729 1566 1765 et
1586 1724 1761 1766 aliorum

426 1819 438 1824 —
499 1793 744 1844 fluminum3
796 1807 889 1848 quae
930 1792 1193 1847 perforantur
1237 1791 1378 1832 subtili
1419 1791 1528 1832 ferro
1569 1792 1761 1843 calibato‚

310 1861 423 1916 quod
449 1861 626 1901 infixum
653 1860 705 1901 sit
731 1860 844 1916 ligno
874 1860 1044 1901 habenti
1075 1859 1252 1900 rotulam
1279 1857 1438 1914 plumbi
1468 1859 1698 1914 parvulam,
1721 1866 1763 1901 et

309 1928 483 1969 alterum
504 1929 663 1983 lignum
693 1929 737 1968 in
763 1942 847 1984 quo
869 1928 1073 1977 volvatur,
1102 1926 1169 1967 cui
1197 1926 1250 1967 sit
1275 1925 1457 1981 inposita
1485 1925 1662 1982 corrigia
1689 1941 1763 1982 per

310 2010 437 2050 quam
458 1996 803 2037 circumducatur.
861 1993 988 2043 Quod
1010 1994 1044 2035 si
1066 2008 1171 2049 opus
1192 1994 1245 2035 sit
1264 2000 1312 2034 ut
1330 1993 1504 2049 alicujus
1525 1995 1761 2049 margaritae

310 2062 498 2104 foramen
519 2064 655 2119 majus
682 2064 770 2114 fiat,
793 2063 907 2103 filum
929 2076 1023 2103 cum
1053 2061 1220 2103 modico
1246 2060 1385 2102 subtili
1402 2061 1549 2102 sabulo
1570 2060 1761 2103 foramini

309 2132 546 2187 inponatur,
579 2132 697 2187 cujus
724 2131 783 2172 fili
816 2129 1034 2171 summitas
1069 2142 1154 2169 una
1189 2127 1397 2178 dentibus,
1433 2127 1560 2168 altera
1595 2127 1760 2169 sinistra

310 2213 439 2240 manu
478 2205 680 2251 teneatur,
716 2196 970 2253 dexteraque
1011 2210 1175 2237 sursum
1216 2209 1264 2236 ac
1304 2195 1500 2236 deorsum
1534 2196 1760 2251 margarita

310 2267 498 2318 ducatur,
517 2266 765 2322 interimque
786 2265 977 2307 sabulum
997 2269 1045 2304 ut
1065 2263 1253 2305 foramen
1272 2262 1396 2304 latius
1417 2262 1492 2303 fiat
1512 2269 1758 2318 apponatur.

310 2333 513 2376 Secantur
544 2334 669 2375 etiam
691 2333 893 2375 chonchae
915 2332 1085 2373 marinae
1117 2345 1191 2386 per
1220 2336 1358 2385 partes
1380 2335 1422 2370 et
1441 2329 1538 2370 inde
1559 2330 1755 2371 limantur

309 2401 580 2458 1margaritae‚
600 2401 644 2442 in
665 2415 765 2442 auro
785 2399 885 2441 satis
905 2399 1040 2450 utiles,
1062 2398 1356 2454 poliunturque
1377 2403 1423 2438 ut
1443 2411 1581 2453 supra.

959 2511 968 2529 ¹
992 2511 1078 2550 quasi
1088 2511 1100 2541 ’ἐ

1939 2211 1944 2219 ⁵
1939 2171 1950 2183 ι
1941 2127 1955 2155 ;·:·
1939 1871 1970 2116 μ-,χιὶἵῗζψίτμ-
1946 1812 1959 1852 aff*
1947 1755 1961 1798 ,μη
1955 1735 1964 1738 ;
1952 1702 1955 1710 s
