1970 3202
369 564 716 619 INCIPIT
787 565 1059 619 LIBER
1128 565 1524 621 TERTIUS.

745 895 1050 957 CAPUT
1146 896 1195 956 L

594 1041 653 1069 DE
684 1041 1054 1070 CONSTRUCTIONE
1086 1042 1304 1069 FABRICAE.

377 1127 589 1181 DIFIC'A
617 1139 691 1181 tibi
719 1140 891 1181 domum
920 1140 1150 1196 spatiosam
1174 1147 1217 1181 et
1237 1141 1383 1192 altam,
1405 1141 1526 1196 cujus
1547 1140 1680 1196 longi-

414 1207 515 1248 tudo
536 1207 588 1248 ad
613 1208 814 1249 orientem
835 1208 1046 1259 tendatur,
1067 1209 1109 1249 in
1131 1209 1250 1265 cujus
1271 1209 1427 1265 pariete
1449 1208 1679 1249 meridiano

217 1275 344 1317 facies
381 1275 583 1316 fenestras
619 1283 722 1331 quot
758 1276 940 1317 volueris
982 1283 1024 1317 et
1064 1277 1213 1332 possis,
1250 1277 1310 1318 ita
1350 1282 1395 1318 ut
1435 1276 1542 1317 inter
1574 1276 1680 1317 duas

217 1343 420 1384 fenestras
459 1343 643 1400 quinque
691 1344 820 1399 pedes
868 1343 965 1386 sint.
1028 1344 1184 1385 Divide
1231 1350 1371 1385 autem
1413 1343 1680 1385 medietatem

217 1411 369 1453 domus
401 1411 454 1453 ad
485 1426 590 1467 opus
621 1412 740 1453 fusile
771 1412 1025 1463 faciendum,
1051 1417 1094 1453 et
1123 1427 1299 1467 cuprum
1330 1426 1379 1453 ac
1410 1418 1607 1468 stagnum
1639 1417 1681 1453 et

217 1480 434 1535 plumbum
475 1480 748 1536 operandum,
788 1495 873 1522 uno
922 1480 1078 1536 pariete
1126 1494 1259 1536 usque
1298 1480 1353 1521 ad
1393 1480 1679 1521 summitatem

217 1548 462 1600 altitudinis,
484 1554 526 1589 et
546 1563 708 1589 rursum
728 1548 868 1590 divide
888 1548 1002 1604 quod
1030 1547 1235 1604 reliquum
1265 1553 1329 1589 est
1354 1548 1399 1588 in
1419 1548 1503 1589 duo
1531 1547 1574 1588 in
1594 1562 1679 1588 uno

218 1615 389 1670 pariete,
407 1616 463 1657 ad
479 1616 738 1671 operandum
759 1617 801 1657 in
821 1631 906 1657 una
927 1621 1045 1671 parte
1061 1630 1221 1667 aurum,
1235 1616 1278 1656 in
1294 1616 1425 1656 altera
1445 1621 1678 1671 argentum.

219 1682 430 1725 Fenestrae
458 1699 556 1725 vero
588 1699 674 1725 non
705 1684 917 1725 emineant
944 1684 1067 1725 altius
1096 1698 1121 1724 a
1148 1690 1256 1724 terra
1285 1698 1414 1740 quam
1444 1698 1528 1725 uno
1559 1683 1680 1739 pede,

217 1765 393 1806 quarum
415 1751 593 1793 altitudo
615 1753 669 1794 sit
690 1752 816 1794 trium
838 1752 1008 1807 pedum,
1030 1751 1206 1792 latitudo
1228 1751 1419 1792 duorum.

705 2042 1008 2106 CAPUT
1087 2044 1184 2105 IL

678 2190 738 2217 DE
769 2190 883 2218 SEDE
915 2189 1173 2218 OPERANTIU
1179 2191 1225 2218 M.

339 2288 537 2331 EINDE
567 2289 664 2330 fode
693 2289 850 2330 fossam
880 2295 978 2330 ante
1003 2289 1245 2340 fenestram,
1268 2303 1292 2329 a
1313 2289 1468 2344 pariete
1489 2289 1678 2331 fenestrae

385 2356 491 2413 pede
531 2363 572 2398 et
610 2356 798 2407 dimidio,
839 2371 933 2411 quae
974 2356 1103 2397 stabit
1142 2356 1186 2397 in
1225 2363 1477 2409 transverso,
1518 2356 1678 2398 habens

216 2425 487 2481 longitudinis
515 2425 642 2466 trium
670 2425 840 2480 pedum,
868 2423 1099 2465 latitudinis
1121 2424 1314 2476 duorum,
1335 2439 1462 2481 quam
1490 2430 1607 2466 texos
1635 2425 1678 2466 in

216 2493 389 2534 circuitu
417 2493 555 2549 lignis,
577 2507 757 2549 quorum
786 2492 996 2547 lignorum
1024 2491 1108 2532 duo
1136 2491 1179 2532 in
1208 2492 1347 2533 medio
1375 2498 1522 2533 contra
1542 2492 1678 2534 fenes-

215 2567 323 2601 tram
355 2562 586 2617 procedant
616 2576 641 2602 a
672 2561 785 2602 fossa
820 2560 1038 2601 altitudine
1073 2560 1234 2601 dimidii
1269 2560 1400 2616 pedis,
1431 2575 1554 2616 super
1584 2575 1678 2617 quae

209 2628 414 2684 jungatur
436 2630 577 2671 discus
598 2644 705 2670 unus
727 2629 798 2685 qui
819 2627 1033 2684 cooperiat
1058 2643 1195 2684 genua
1220 2628 1451 2669 sedentium
1480 2628 1522 2668 in
1549 2628 1677 2679 fossa,

215 2697 434 2738 latitudine
470 2698 649 2739 duorum
686 2697 852 2753 pedum,
888 2696 1148 2751 longitudine
1188 2696 1326 2747 trium,
1361 2696 1404 2736 in
1440 2701 1677 2737 transverso

216 2779 339 2820 super
379 2765 551 2816 fossam,
593 2767 651 2806 ita
696 2765 881 2821 aequalis,
922 2770 968 2804 ut
1008 2764 1205 2820 quicquid
1252 2765 1443 2805 minutim
1485 2764 1573 2805 auri
1612 2763 1677 2804 vel

215 2833 377 2888 argenti
399 2834 576 2889 desuper
597 2833 807 2884 ceciderit,
829 2833 963 2889 possit
983 2832 1401 2888 diligenter-scopari.
