1970 3202
309 294 394 335 356
760 308 1017 336 'rnaopmm
1052 309 1189 336 mmm
1223 309 1292 336 111.

310 411 575 448 convertatur
605 408 785 449 rotunda
807 409 1038 459 summitas,
1069 415 1111 449 et
1130 409 1172 449 in
1194 410 1324 450 altero
1346 423 1368 448 e
1390 413 1534 448 contra
1558 407 1772 463 aequaliter

312 475 387 515 fiat
407 475 586 516 incisura
607 476 772 517 duobus
793 477 935 533 digitis
966 477 1187 533 profunda,
1212 477 1254 517 in
1276 491 1360 532 qua
1381 477 1569 516 volvatur
1591 476 1773 516 rotunda

309 543 504 584 incisura.
566 542 665 592 Quo
695 544 823 596 facto,
856 560 974 586 sume
1003 545 1139 600 ipsum
1169 545 1329 600 lignum
1363 550 1405 585 et
1432 543 1698 599 circumpone
1733 543 1771 584 ei

309 610 498 666 argillam
525 610 684 651 fortiter
710 619 981 665 maceratam,
1011 613 1199 668 inprimis
1221 613 1385 653 duobus
1406 612 1550 668 digitis
1577 611 1771 666 spissam,

310 677 396 733 qua
417 678 636 733 diligenter
656 679 825 730 siccata,
842 695 1031 735 suppone
1053 680 1090 721 ei
1112 681 1299 731 alteram,
1323 680 1465 735 sicque
1486 678 1614 719 facies
1635 678 1771 718 donee

312 745 447 786 forma
473 747 732 801 compleatur
761 753 962 803 quantam
993 762 1086 788 eam
1116 747 1272 788 habere
1303 747 1495 798 volueris,
1528 753 1570 788 et
1596 760 1697 787 cave
1719 759 1772 785 ne

312 829 498 869 unquam
526 829 784 870 superponas
813 816 1003 871 argillam
1024 816 1142 857 alteri
1164 816 1242 856 nisi
1269 816 1439 857 inferior
1467 815 1637 857 omnino
1659 814 1771 855 sicca

311 882 447 923 fuerit.
509 882 676 923 Deinde
706 884 868 924 colloca
902 884 1036 939 ipsam
1076 884 1255 925 formam
1289 884 1396 924 inter
1432 898 1592 924 asseres
1628 897 1771 938 super-

313 950 503 1005 scriptOS‚
530 957 571 991 et
591 951 762 992 sedente
784 966 912 1006 puero
934 952 1005 1007 qui
1028 957 1177 1002 vertat,
1207 966 1303 992 cum
1326 951 1457 1002 ferris,
1488 951 1542 991 ad
1564 950 1644 991 hoc
1666 963 1772 1004 opus

313 1018 432 1073 aptis,
465 1018 652 1059 tornabis
680 1033 774 1059 eam
802 1019 910 1060 sicut
937 1019 1116 1060 volueris
1137 1025 1180 1060 et
1203 1025 1354 1060 tenens
1382 1033 1569 1075 pannum
1597 1018 1640 1058 in
1661 1031 1771 1073 aqua

316 1086 595 1127 madefactum
617 1101 710 1127 eam
731 1088 932 1143 aequabis.

379 1433 485 1474 Post
511 1433 601 1474 haec
629 1434 783 1474 tollens
811 1433 977 1488 adipem
1011 1434 1187 1476 concide
1219 1434 1423 1474 subtiliter
1449 1434 1490 1474 in
1522 1449 1620 1475 vase
1649 1440 1774 1490 atque

318 1501 511 1542 manibus
541 1516 719 1551 macera,
750 1501 1011 1557 confixisque
1042 1502 1207 1543 duobus
1237 1501 1466 1557 aequalibus
1506 1502 1629 1557 lignis
1669 1502 1775 1557 spis-

316 1570 497 1610 situdine
537 1584 620 1625 qua
667 1569 859 1619 volueris,
907 1584 1033 1624 super
1078 1583 1262 1610 asserem
1308 1569 1511 1625 aequalem
1551 1570 1594 1609 in
1636 1570 1775 1610 medio

317 1653 461 1679 eorum
508 1639 692 1694 positum
737 1638 905 1693 adipem
952 1638 1205 1689 attenuabis,
1252 1643 1294 1678 et
1340 1637 1527 1693 aequabis
1569 1652 1666 1678 cum
1709 1651 1776 1678 ro-

315 1706 450 1747 tundo
500 1707 630 1761 ligno,
677 1706 785 1747 sieut
818 1720 914 1747 cera
952 1706 1158 1761 superius,
1198 1705 1415 1761 supposita
1454 1704 1565 1761 aqua
1607 1720 1659 1746 ne
1701 1705 1777 1746 ad-

316 1775 471 1826 hereat,
518 1775 744 1831 statimque
784 1775 843 1816 ita
890 1779 1062 1831 repente
1107 1775 1266 1816 levabis
1313 1779 1356 1815 et
1395 1773 1606 1815 colocabis
1652 1788 1776 1829 super

315 1844 508 1894 formam,
549 1851 674 1899 atque
714 1843 851 1884 calido
892 1843 1001 1894 ferro
1047 1842 1418 1884 circumsolidabiS.
1487 1841 1672 1882 Rursum
1714 1847 1777 1883 at-

315 1919 493 1954 tenuans
523 1913 674 1953 eodem
716 1912 843 1953 modo
879 1926 1007 1952 unam
1048 1917 1208 1966 partem
1250 1910 1399 1965 adipis,
1433 1911 1555 1965 juxta
1594 1910 1776 1965 priorem

315 1981 555 2030 collocabis,
579 1980 722 2035 sicque
743 1979 871 2020 facies
887 1979 1022 2020 donec
1044 1979 1222 2019 formam
1239 1978 1465 2033 cooperies.
1526 1977 1658 2018 Oram
1678 1993 1777 2019 vero

316 2063 533 2104 campanae
563 2048 616 2088 ad
647 2047 810 2087 libitum
842 2052 960 2087 tuum
996 2046 1175 2102 spissam
1213 2047 1352 2088 facies.
1418 2046 1599 2102 Adipem
1636 2052 1777 2087 autem

277 2169 279 2171 Ι
317 2117 488 2157 omnino
524 2116 814 2171 refrigeratum
851 2115 968 2156 ferris
1004 2115 1138 2156 acutis
1174 2115 1376 2165 tornabis,
1412 2121 1454 2155 et
1489 2116 1524 2154 si
1559 2114 1659 2170 quid
1696 2115 1778 2155 rari

315 2185 451 2240 operis
472 2185 651 2225 volueris
682 2184 792 2224 circa
822 2185 952 2225 latera
982 2198 1214 2239 campanae,
1245 2183 1410 2234 florum,
1441 2183 1526 2223 sive
1550 2183 1777 2235 literarum,

316 2253 359 2293 in
381 2253 504 2307 adipe
525 2252 732 2302 exarabis‚
750 2258 1013 2307 quatuorque
1030 2251 1236 2292 foramina
1256 2251 1465 2306 triangula
1479 2251 1603 2306 juxta
1623 2251 1777 2292 collum

317 2327 364 2361 ut
383 2319 530 2360 melius
558 2319 710 2359 tinniat
735 2319 950 2360 formabis.
1015 2319 1183 2360 Deinde
1203 2318 1392 2373 argillam
1412 2319 1635 2360 cribratam
1655 2324 1696 2359 et
1717 2319 1780 2359 di-

316 2388 493 2443 ligenter
522 2387 698 2426 mixtam
730 2401 1002 2442 superpones,
1033 2401 1118 2442 qua
1154 2387 1324 2438 siccata,
1359 2388 1532 2427 alteram
1563 2393 1606 2428 et
1635 2401 1779 2443 super—

319 2456 463 2497 addes.
527 2453 594 2496 Ea
612 2454 758 2495 itidem
781 2454 953 2496 omnino
975 2454 1133 2496 siccata
1154 2460 1372 2495 convertes
1394 2454 1572 2495 formam
1591 2455 1635 2495 in
1655 2456 1779 2505 latus,

319 2530 446 2580 atque
467 2522 613 2563 leniter
642 2522 914 2578 percutiendo
945 2522 1098 2563 educes
1127 2522 1302 2578 lignum,
1333 2536 1594 2577 rursumque,
1614 2522 1779 2564 elevata

317 2591 466 2642 forma,
488 2590 676 2631 foramen
698 2590 886 2646 superius
913 2589 1106 2645 implebis
1127 2589 1273 2645 argilla
1293 2590 1420 2640 molli,
1441 2596 1483 2630 et
1502 2605 1674 2631 curvum
1697 2591 1778 2631 fer-

317 2674 423 2709 rum,
454 2659 496 2698 in
528 2673 612 2714 quo
644 2658 811 2699 batillus
840 2658 1023 2714 pendere
1053 2657 1194 2709 debet,
1222 2657 1266 2698 in
1297 2657 1525 2698 meditullio
1548 2658 1777 2713 imprimes,

315 2727 376 2767 ita
397 2732 443 2767 ut
464 2726 724 2767 summitates
746 2726 836 2782 ejus
858 2726 959 2767 foris
980 2725 1204 2766 emineant.
1264 2724 1458 2781 Cumque
1479 2726 1635 2766 siccata
1655 2726 1780 2767 fuerit

317 2795 477 2850 argilla,
499 2794 565 2834 fac
586 2800 633 2834 ut
653 2795 826 2850 aequalis
856 2793 911 2834 sit
931 2792 1100 2848 reliquae
1126 2792 1285 2842 formae,
1307 2798 1433 2848 atque
1454 2793 1619 2848 cooperi
1640 2793 1778 2848 adipe,

316 2864 374 2904 ita
410 2869 456 2903 ut
486 2862 748 2904 summitates
782 2862 877 2904 ferri
914 2861 955 2902 in
988 2860 1080 2916 ipso
1115 2860 1379 2901 abundanter
1412 2861 1608 2902 haereant.
1669 2860 1778 2901 Post

315 2932 405 2974 haec
428 2931 562 2972 forma
582 2930 751 2981 collum,
773 2935 899 2986 atque
927 2943 1063 2980 aures,
1085 2934 1127 2969 et
1147 2928 1400 2983 spiraculum
1422 2929 1509 2969 sive
1530 2927 1775 2968 infusorium
