1970 3202
273 261 357 302 394
739 278 991 306 THEOPHILI
1023 279 1157 307 mnan
1185 280 1254 308 111.

633 504 944 567 CAPUT
1024 504 1366 568 XOVLH.

734 649 794 675 DE
826 648 978 676 EDERA
1007 647 1063 676 Ac
1094 648 1253 676 LACCA.

383 743 586 787 OGATO
617 760 643 787 a
671 752 712 787 te
740 746 868 787 frater
891 745 1111 786 karissime
1139 750 1185 785 ut
1211 744 1349 785 dicam
1376 745 1452 786 tibi
1477 746 1529 786 de
1550 746 1718 799 hedera,

438 827 565 869 quam
594 819 728 869 poetae
763 819 889 869 atque
919 813 1098 853 artifices
1131 811 1309 853 nimium
1341 811 1589 864 dilexerunt,
1621 814 1722 870 quia

268 880 450 921 occultas
470 880 577 921 vires
607 895 710 937 quas
740 880 783 921 in
810 894 854 921 se
870 880 1056 921 continet
1069 885 1347 935 agnoverunt:
1369 885 1587 935 poetarum
1608 881 1721 921 enim

268 948 454 989 carmina
474 962 570 989 cum
590 949 860 989 recitarentur
879 948 923 988 in
943 948 1107 988 theatro
1129 952 1227 987 ante
1248 952 1502 988 conventum
1523 962 1720 989 romano-

267 1030 373 1066 rum,
413 1015 721 1057 coronabantur
758 1014 1180 1057 hederae—artifices
1217 1029 1315 1056 vero
1355 1015 1516 1071 antiqui
1552 1030 1604 1056 ex
1640 1016 1720 1057 hac

267 1083 421 1124 multos
442 1083 602 1124 colores
622 1083 879 1135 invenerunt,
905 1097 957 1124 ex
978 1083 1132 1139 quibus
1151 1096 1283 1123 unum
1305 1082 1461 1137 scripto
1482 1082 1557 1123 tibi
1579 1088 1723 1124 osten-

267 1150 379 1191 dam.
432 1150 583 1191 Mense
603 1152 765 1202 martio,
787 1165 882 1192 cum
904 1150 1044 1192 herbae
1060 1150 1317 1205 arboresque
1333 1164 1506 1191 succum
1523 1150 1576 1191 de
1589 1157 1721 1192 matre

265 1224 377 1259 terra
397 1218 640 1274 suscipiunt,
666 1225 708 1260 et
736 1219 885 1260 iterum
906 1219 1013 1260 vires
1044 1217 1260 1259 crescendi
1290 1217 1506 1272 recipiunt,
1529 1217 1721 1259 subulam

225 1320 233 1324 -
266 1284 411 1340 accipe
443 1292 485 1326 et
519 1287 776 1328 ramusculos
811 1286 976 1328 hederae
1011 1285 1177 1342 perfora
1211 1286 1398 1337 locatim,
1436 1292 1478 1326 et
1513 1286 1722 1342 egreditur

267 1352 428 1407 gummi
447 1352 582 1408 liquor
611 1368 663 1395 ex
693 1354 765 1405 eis,
796 1354 849 1395 de
878 1369 962 1411 quo
993 1353 1247 1409 sanguineus
1278 1353 1498 1409 coquendo
1526 1355 1641 1395 color
1660 1354 1720 1395 ef-

266 1419 416 1471 ficitur,
437 1421 508 1477 qui
528 1422 645 1463 Iacca
665 1427 939 1477 nuncupatur.
993 1421 1198 1477 Decoque
1215 1435 1316 1476 ergo
1337 1421 1497 1476 gummi
1518 1421 1720 1477 liquorem

267 1502 392 1543 quem
412 1487 488 1528 tibi
518 1503 643 1544 supra
672 1489 760 1530 dixi
790 1504 886 1531 cum
917 1489 1054 1540 urina,
1086 1495 1126 1530 et
1155 1487 1330 1530 habebis
1353 1489 1629 1544 sanguineum
1651 1504 1721 1531 co-

264 1554 398 1595 lorem
427 1556 499 1611 qui
530 1562 593 1598 est
623 1557 733 1598 utilis
764 1557 976 1612 scripturis
1008 1563 1134 1612 atque
1165 1555 1350 1611 picturis.
1412 1556 1480 1597 Ex
1510 1555 1590 1598 hoc
1620 1572 1721 1612 ergo

264 1622 427 1677 parcia¹
460 1624 636 1666 efficitur
665 1624 735 1680 qui
767 1625 896 1680 pelles
925 1624 1100 1665 arietum
1131 1638 1181 1665 ac
1202 1638 1418 1678 caprarum
1441 1638 1559 1665 rosea
1584 1625 1721 1665 colore

267 1688 451 1731 decorat.

687 2031 998 2096 CAPUT
1079 2033 1392 2096 XCIX„

764 2196 826 2223 DE
855 2196 1003 2223 VIRIDI
1035 2196 1222 2224 COLORE.

377 2304 609 2346 IRIDEM
641 2306 675 2346 si
703 2292 970 2361 quisquaerit
997 2305 1179 2346 colorem
1206 2304 1259 2345 ad
1285 2303 1494 2345 scribendi
1515 2317 1637 2344 usum
1658 2303 1719 2345 fa-

404 2388 510 2425 cere,
542 2373 721 2429 accipiat
750 2373 851 2415 folia
875 2373 1007 2414 virida
1036 2387 1089 2413 ex
1119 2372 1249 2414 herba
1278 2387 1372 2428 quae
1392 2373 1517 2428 vulgo
1548 2373 1721 2414 morella

266 2446 543 2497 nuncupatur,
565 2456 742 2497 eamque
762 2455 857 2482 cum
879 2446 992 2481 creta
1012 2439 1191 2481 candida
1212 2454 1337 2495 super
1357 2445 1518 2494 petram
1539 2453 1719 2480 marmo-

266 2522 379 2549 ream
401 2505 625 2565 diligenter
640 2513 760 2560 terat,
782 2508 917 2550 donec
938 2507 1021 2548 sint
1040 2507 1161 2549 valde
1182 2506 1351 2563 liquida,
1373 2512 1499 2562 atque
1520 2506 1574 2547 ad
1596 2521 1718 2546 usum

265 2576 473 2617 scribendi
499 2575 672 2631 optima.
735 2575 831 2617 Hoc
861 2581 1000 2617 autem
1031 2575 1156 2626 facto,
1187 2589 1365 2629 pennam
1399 2574 1533 2615 facere
1562 2579 1719 2628 tempe-

267 2649 416 2695 ratam,
437 2659 511 2686 seu
531 2645 755 2700 pincellum
782 2645 826 2685 in
857 2644 968 2686 hunc
993 2643 1172 2684 colorem
1195 2643 1363 2698 inunge,
1386 2648 1510 2698 atque
1530 2640 1719 2682 illumina

265 2710 464 2764 capitales
495 2711 650 2752 litteras
678 2725 784 2767 quas
815 2726 866 2753 ex
897 2710 1045 2751 eodem
1076 2711 1215 2751 colore
1235 2710 1297 2751 vis
1329 2710 1571 2751 illuminare.
1633 2708 1716 2750 Sed

265 2791 366 2818 cave
388 2778 526 2829 frater,
548 2793 599 2819 ne
630 2779 804 2821 nimium
825 2793 959 2834 ponas
981 2793 1031 2819 ex
1053 2783 1166 2818 creta
1187 2792 1282 2818 cum
1303 2792 1430 2819 succo
1451 2777 1656 2819 foliorum.

821 2879 829 2899 ¹
851 2881 871 2896 “
882 2878 1059 2919 phoenicia.”
1092 2878 1149 2917 Qu.
1163 2879 1176 2908 3
