<?xml version="1.0" encoding="UTF-8"?>
<!DOCTYPE html PUBLIC "-//W3C//DTD XHTML 1.0 Transitional//EN"
    "http://www.w3.org/TR/xhtml1/DTD/xhtml1-transitional.dtd">
<html xmlns="http://www.w3.org/1999/xhtml" xml:lang="en" lang="en">
 <head>
  <title>
</title>
<meta http-equiv="Content-Type" content="text/html;charset=utf-8" />
  <meta name='ocr-system' content='tesseract 3.04.00' />
  <meta name='ocr-capabilities' content='ocr_page ocr_carea ocr_par ocr_line ocrx_word'/>
</head>
<body>
  <div class='ocr_page' id='page_1' title='image "./theophiliquietru00theouoft_0284.png"; bbox 0 0 1970 3202; ppageno 0'>
   <div class='ocr_carea' id='block_1_1' title="bbox 270 301 1263 341">
    <p class='ocr_par' dir='ltr' id='par_1_1' title="bbox 270 301 1263 341">
     <span class='ocr_line' id='line_1_1' title="bbox 270 301 1263 341; baseline 0 -1"><span class='ocrx_word' id='word_1_1' title='bbox 270 301 352 341; x_wconf 69' lang='lat'><strong>214</strong></span> <span class='ocrx_word' id='word_1_2' title='bbox 743 313 994 340; x_wconf 69' lang='lat' dir='ltr'><strong>THEOPHILI</strong></span> <span class='ocrx_word' id='word_1_3' title='bbox 1028 314 1163 340; x_wconf 52' lang='lat' dir='ltr'><strong>121ssssss</strong></span> <span class='ocrx_word' id='word_1_4' title='bbox 1197 314 1263 340; x_wconf 87' lang='lat'>111.</span> 
     </span>
    </p>
   </div>
   <div class='ocr_carea' id='block_1_2' title="bbox 756 468 1250 530">
    <p class='ocr_par' dir='ltr' id='par_1_2' title="bbox 756 468 1250 530">
     <span class='ocr_line' id='line_1_2' title="bbox 756 468 1250 530; baseline -0.006 0"><span class='ocrx_word' id='word_1_5' title='bbox 756 469 1067 530; x_wconf 85' lang='lat' dir='ltr'>CAPUT</span> <span class='ocrx_word' id='word_1_6' title='bbox 1131 468 1250 529; x_wconf 88' lang='lat' dir='ltr'><strong>VI.</strong></span> 
     </span>
    </p>
   </div>
   <div class='ocr_carea' id='block_1_3' title="bbox 271 712 1727 968">
    <p class='ocr_par' dir='ltr' id='par_1_3' title="bbox 404 712 1726 768">
     <span class='ocr_line' id='line_1_3' title="bbox 404 712 1726 768; baseline -0.002 -13"><span class='ocrx_word' id='word_1_7' title='bbox 404 714 581 755; x_wconf 88' lang='lat' dir='ltr'><strong>ALLEI</strong></span> <span class='ocrx_word' id='word_1_8' title='bbox 614 714 745 764; x_wconf 85' lang='lat' dir='ltr'><strong>multi,</strong></span> <span class='ocrx_word' id='word_1_9' title='bbox 777 714 970 768; x_wconf 78' lang='lat' dir='ltr'><strong>majores,</strong></span> <span class='ocrx_word' id='word_1_10' title='bbox 998 714 1178 754; x_wconf 89' lang='lat' dir='ltr'><strong>minores</strong></span> <span class='ocrx_word' id='word_1_11' title='bbox 1208 720 1250 754; x_wconf 85' lang='lat' dir='ltr'><strong>et</strong></span> <span class='ocrx_word' id='word_1_12' title='bbox 1277 713 1405 768; x_wconf 89' lang='lat' dir='ltr'><strong>parvi,</strong></span> <span class='ocrx_word' id='word_1_13' title='bbox 1434 712 1476 752; x_wconf 91' lang='lat' dir='ltr'><strong>in</strong></span> <span class='ocrx_word' id='word_1_14' title='bbox 1505 727 1587 754; x_wconf 91' lang='lat' dir='ltr'><strong>una</strong></span> <span class='ocrx_word' id='word_1_15' title='bbox 1608 719 1726 768; x_wconf 89' lang='lat' dir='ltr'><strong>parte</strong></span> 
     </span>
    </p>

    <p class='ocr_par' dir='ltr' id='par_1_4' title="bbox 271 779 1727 968">
     <span class='ocr_line' id='line_1_4' title="bbox 388 779 1724 836; baseline -0.001 -14"><span class='ocrx_word' id='word_1_16' title='bbox 388 808 400 812; x_wconf 95' lang='lat'><em>-</em></span> <span class='ocrx_word' id='word_1_17' title='bbox 462 783 547 832; x_wconf 90' lang='lat' dir='ltr'><strong>lati,</strong></span> <span class='ocrx_word' id='word_1_18' title='bbox 569 782 609 822; x_wconf 92' lang='lat' dir='ltr'><strong>in</strong></span> <span class='ocrx_word' id='word_1_19' title='bbox 639 783 770 823; x_wconf 84' lang='lat' dir='ltr'><strong>altera</strong></span> <span class='ocrx_word' id='word_1_20' title='bbox 797 781 940 822; x_wconf 89' lang='lat' dir='ltr'><strong>stricti.</strong></span> <span class='ocrx_word' id='word_1_21' title='bbox 1003 781 1109 822; x_wconf 83' lang='lat' dir='ltr'><strong>Item</strong></span> <span class='ocrx_word' id='word_1_22' title='bbox 1135 781 1271 821; x_wconf 89' lang='lat' dir='ltr'><strong>mallei</strong></span> <span class='ocrx_word' id='word_1_23' title='bbox 1293 781 1406 836; x_wconf 83' lang='lat' dir='ltr'><strong>longi</strong></span> <span class='ocrx_word' id='word_1_24' title='bbox 1427 786 1468 820; x_wconf 91' lang='lat' dir='ltr'><strong>et</strong></span> <span class='ocrx_word' id='word_1_25' title='bbox 1488 779 1660 835; x_wconf 77' lang='lat' dir='ltr'>graciles</span> <span class='ocrx_word' id='word_1_26' title='bbox 1682 779 1724 819; x_wconf 89' lang='lat' dir='ltr'><strong>in</strong></span> 
     </span>
     <span class='ocr_line' id='line_1_5' title="bbox 271 847 1727 904; baseline -0.001 -15"><span class='ocrx_word' id='word_1_27' title='bbox 271 850 512 890; x_wconf 76' lang='lat' dir='ltr'><strong>summitate</strong></span> <span class='ocrx_word' id='word_1_28' title='bbox 535 849 717 900; x_wconf 86' lang='lat' dir='ltr'><strong>rotundi,</strong></span> <span class='ocrx_word' id='word_1_29' title='bbox 739 849 919 904; x_wconf 84' lang='lat' dir='ltr'><strong>majores</strong></span> <span class='ocrx_word' id='word_1_30' title='bbox 940 854 981 889; x_wconf 91' lang='lat' dir='ltr'><strong>et</strong></span> <span class='ocrx_word' id='word_1_31' title='bbox 997 849 1192 888; x_wconf 86' lang='lat' dir='ltr'><strong>minores.</strong></span> <span class='ocrx_word' id='word_1_32' title='bbox 1251 847 1358 888; x_wconf 84' lang='lat' dir='ltr'><strong>Item</strong></span> <span class='ocrx_word' id='word_1_33' title='bbox 1381 848 1514 888; x_wconf 82' lang='lat' dir='ltr'><strong>mallei</strong></span> <span class='ocrx_word' id='word_1_34' title='bbox 1538 847 1727 903; x_wconf 88' lang='lat' dir='ltr'><strong>superius</strong></span> 
     </span>
     <span class='ocr_line' id='line_1_6' title="bbox 271 917 748 968; baseline 0 -12"><span class='ocrx_word' id='word_1_35' title='bbox 271 918 448 968; x_wconf 87' lang='lat' dir='ltr'><strong>cornuti,</strong></span> <span class='ocrx_word' id='word_1_36' title='bbox 468 917 640 958; x_wconf 88' lang='lat' dir='ltr'><strong>inferius</strong></span> <span class='ocrx_word' id='word_1_37' title='bbox 663 917 748 957; x_wconf 87' lang='lat' dir='ltr'><strong>lati.</strong></span> 
     </span>
    </p>
   </div>
   <div class='ocr_carea' id='block_1_4' title="bbox 734 1162 1266 1225">
    <p class='ocr_par' dir='ltr' id='par_1_5' title="bbox 734 1162 1266 1225">
     <span class='ocr_line' id='line_1_7' title="bbox 734 1162 1266 1225; baseline -0.004 0"><span class='ocrx_word' id='word_1_38' title='bbox 734 1162 1034 1225; x_wconf 89' lang='lat' dir='ltr'><strong>CAPUT</strong></span> <span class='ocrx_word' id='word_1_39' title='bbox 1099 1162 1266 1224; x_wconf 88' lang='lat' dir='ltr'><strong>VII.</strong></span> 
     </span>
    </p>
   </div>
   <div class='ocr_carea' id='block_1_5' title="bbox 819 1308 1194 1336">
    <p class='ocr_par' dir='ltr' id='par_1_6' title="bbox 819 1308 1194 1336">
     <span class='ocr_line' id='line_1_8' title="bbox 819 1308 1194 1336; baseline -0.003 -2"><span class='ocrx_word' id='word_1_40' title='bbox 819 1309 879 1335; x_wconf 86' lang='lat' dir='ltr'><strong>DE</strong></span> <span class='ocrx_word' id='word_1_41' title='bbox 912 1308 1194 1336; x_wconf 82' lang='lat' dir='ltr'><strong>FORCIPIBUS.</strong></span> 
     </span>
    </p>
   </div>
   <div class='ocr_carea' id='block_1_6' title="bbox 274 1405 1735 2349">
    <p class='ocr_par' dir='ltr' id='par_1_7' title="bbox 274 1405 1735 2349">
     <span class='ocr_line' id='line_1_9' title="bbox 378 1405 1732 1457; baseline 0.001 -10"><span class='ocrx_word' id='word_1_42' title='bbox 378 1405 643 1448; x_wconf 79' lang='lat' dir='ltr'><strong>ORCIPES</strong></span> <span class='ocrx_word' id='word_1_43' title='bbox 674 1408 889 1448; x_wconf 81' lang='lat' dir='ltr'>manuales</span> <span class='ocrx_word' id='word_1_44' title='bbox 920 1407 1060 1457; x_wconf 88' lang='lat' dir='ltr'><strong>fortes,</strong></span> <span class='ocrx_word' id='word_1_45' title='bbox 1092 1407 1296 1448; x_wconf 80' lang='lat' dir='ltr'><strong>habentes</strong></span> <span class='ocrx_word' id='word_1_46' title='bbox 1328 1407 1462 1448; x_wconf 87' lang='lat' dir='ltr'><strong>nodos</strong></span> <span class='ocrx_word' id='word_1_47' title='bbox 1492 1407 1532 1447; x_wconf 91' lang='lat' dir='ltr'><strong>in</strong></span> <span class='ocrx_word' id='word_1_48' title='bbox 1560 1408 1732 1448; x_wconf 86' lang='lat' dir='ltr'><strong>summi-</strong></span> 
     </span>
     <span class='ocr_line' id='line_1_10' title="bbox 405 1474 1731 1532; baseline 0.002 -18"><span class='ocrx_word' id='word_1_49' title='bbox 405 1480 503 1525; x_wconf 87' lang='lat' dir='ltr'><strong>tate,</strong></span> <span class='ocrx_word' id='word_1_50' title='bbox 535 1476 715 1530; x_wconf 89' lang='lat' dir='ltr'><strong>majores</strong></span> <span class='ocrx_word' id='word_1_51' title='bbox 745 1482 786 1517; x_wconf 88' lang='lat' dir='ltr'><strong>et</strong></span> <span class='ocrx_word' id='word_1_52' title='bbox 818 1476 1010 1516; x_wconf 85' lang='lat' dir='ltr'><strong>minores.</strong></span> <span class='ocrx_word' id='word_1_53' title='bbox 1075 1475 1182 1516; x_wconf 86' lang='lat' dir='ltr'><strong>Item</strong></span> <span class='ocrx_word' id='word_1_54' title='bbox 1213 1475 1391 1530; x_wconf 80' lang='lat' dir='ltr'><strong>forcipes</strong></span> <span class='ocrx_word' id='word_1_55' title='bbox 1419 1474 1534 1530; x_wconf 84' lang='lat' dir='ltr'><strong>longi</strong></span> <span class='ocrx_word' id='word_1_56' title='bbox 1569 1482 1611 1517; x_wconf 91' lang='lat' dir='ltr'><strong>et</strong></span> <span class='ocrx_word' id='word_1_57' title='bbox 1635 1491 1731 1532; x_wconf 88' lang='lat' dir='ltr'><strong>gra-</strong></span> 
     </span>
     <span class='ocr_line' id='line_1_11' title="bbox 275 1542 1729 1599; baseline 0.001 -17"><span class='ocrx_word' id='word_1_58' title='bbox 275 1542 387 1583; x_wconf 87' lang='lat' dir='ltr'><strong>ciles.</strong></span> <span class='ocrx_word' id='word_1_59' title='bbox 450 1542 555 1583; x_wconf 88' lang='lat' dir='ltr'><strong>Item</strong></span> <span class='ocrx_word' id='word_1_60' title='bbox 587 1544 765 1599; x_wconf 83' lang='lat' dir='ltr'><strong>forcipes</strong></span> <span class='ocrx_word' id='word_1_61' title='bbox 795 1543 938 1584; x_wconf 88' lang='lat' dir='ltr'><strong>fusorii</strong></span> <span class='ocrx_word' id='word_1_62' title='bbox 958 1543 1086 1599; x_wconf 83' lang='lat' dir='ltr'><strong>longi,</strong></span> <span class='ocrx_word' id='word_1_63' title='bbox 1115 1549 1157 1583; x_wconf 87' lang='lat' dir='ltr'><strong>et</strong></span> <span class='ocrx_word' id='word_1_64' title='bbox 1177 1542 1219 1582; x_wconf 87' lang='lat' dir='ltr'><strong>in</strong></span> <span class='ocrx_word' id='word_1_65' title='bbox 1240 1542 1435 1583; x_wconf 84' lang='lat' dir='ltr'><strong>anteriori</strong></span> <span class='ocrx_word' id='word_1_66' title='bbox 1455 1549 1572 1596; x_wconf 88' lang='lat' dir='ltr'><strong>parte</strong></span> <span class='ocrx_word' id='word_1_67' title='bbox 1592 1544 1729 1584; x_wconf 91' lang='lat' dir='ltr'><strong>modi-</strong></span> 
     </span>
     <span class='ocr_line' id='line_1_12' title="bbox 274 1609 1730 1667; baseline 0.001 -17"><span class='ocrx_word' id='word_1_68' title='bbox 274 1625 370 1651; x_wconf 88' lang='lat' dir='ltr'><strong>cum</strong></span> <span class='ocrx_word' id='word_1_69' title='bbox 391 1611 519 1650; x_wconf 89' lang='lat' dir='ltr'><strong>curvi.</strong></span> <span class='ocrx_word' id='word_1_70' title='bbox 582 1610 690 1652; x_wconf 88' lang='lat' dir='ltr'><strong>Item</strong></span> <span class='ocrx_word' id='word_1_71' title='bbox 712 1611 890 1667; x_wconf 84' lang='lat' dir='ltr'><strong>forcipes</strong></span> <span class='ocrx_word' id='word_1_72' title='bbox 913 1611 1154 1661; x_wconf 88' lang='lat' dir='ltr'><strong>mediocres,</strong></span> <span class='ocrx_word' id='word_1_73' title='bbox 1176 1609 1327 1666; x_wconf 89' lang='lat' dir='ltr'><strong>quibus</strong></span> <span class='ocrx_word' id='word_1_74' title='bbox 1348 1610 1534 1650; x_wconf 90' lang='lat' dir='ltr'><strong>limanda</strong></span> <span class='ocrx_word' id='word_1_75' title='bbox 1553 1624 1730 1667; x_wconf 87' lang='lat' dir='ltr'><strong>quaeque</strong></span> 
     </span>
     <span class='ocr_line' id='line_1_13' title="bbox 274 1678 1729 1734; baseline 0 -16"><span class='ocrx_word' id='word_1_76' title='bbox 274 1684 508 1729; x_wconf 82' lang='lat' dir='ltr'><strong>teneantur,</strong></span> <span class='ocrx_word' id='word_1_77' title='bbox 545 1678 616 1734; x_wconf 93' lang='lat' dir='ltr'><strong>qui</strong></span> <span class='ocrx_word' id='word_1_78' title='bbox 652 1679 735 1719; x_wconf 91' lang='lat' dir='ltr'><strong>sint</strong></span> <span class='ocrx_word' id='word_1_79' title='bbox 770 1679 812 1719; x_wconf 87' lang='lat' dir='ltr'><strong>in</strong></span> <span class='ocrx_word' id='word_1_80' title='bbox 849 1679 1088 1720; x_wconf 80' lang='lat' dir='ltr'><strong>summitate</strong></span> <span class='ocrx_word' id='word_1_81' title='bbox 1125 1678 1247 1719; x_wconf 86' lang='lat' dir='ltr'><strong>unius</strong></span> <span class='ocrx_word' id='word_1_82' title='bbox 1282 1678 1426 1719; x_wconf 86' lang='lat' dir='ltr'><strong>caudae</strong></span> <span class='ocrx_word' id='word_1_83' title='bbox 1461 1678 1651 1733; x_wconf 82' lang='lat' dir='ltr'><strong>graciles,</strong></span> <span class='ocrx_word' id='word_1_84' title='bbox 1686 1679 1729 1719; x_wconf 92' lang='lat' dir='ltr'><strong>in</strong></span> 
     </span>
     <span class='ocr_line' id='line_1_14' title="bbox 275 1746 1731 1801; baseline 0.001 -16"><span class='ocrx_word' id='word_1_85' title='bbox 275 1747 405 1786; x_wconf 87' lang='lat' dir='ltr'><strong>altera</strong></span> <span class='ocrx_word' id='word_1_86' title='bbox 424 1746 605 1800; x_wconf 88' lang='lat' dir='ltr'><strong>pendeat</strong></span> <span class='ocrx_word' id='word_1_87' title='bbox 626 1747 779 1787; x_wconf 89' lang='lat' dir='ltr'><strong>ferrum</strong></span> <span class='ocrx_word' id='word_1_88' title='bbox 807 1754 931 1788; x_wconf 89' lang='lat' dir='ltr'><strong>tenue</strong></span> <span class='ocrx_word' id='word_1_89' title='bbox 957 1754 998 1787; x_wconf 92' lang='lat' dir='ltr'><strong>et</strong></span> <span class='ocrx_word' id='word_1_90' title='bbox 1018 1747 1164 1797; x_wconf 79' lang='lat' dir='ltr'><strong>latum,</strong></span> <span class='ocrx_word' id='word_1_91' title='bbox 1186 1761 1235 1786; x_wconf 90' lang='lat' dir='ltr'><strong>ac</strong></span> <span class='ocrx_word' id='word_1_92' title='bbox 1258 1746 1526 1801; x_wconf 83' lang='lat' dir='ltr'><strong>perforatum,</strong></span> <span class='ocrx_word' id='word_1_93' title='bbox 1548 1746 1612 1787; x_wconf 89' lang='lat' dir='ltr'><strong>cui</strong></span> <span class='ocrx_word' id='word_1_94' title='bbox 1636 1761 1731 1787; x_wconf 89' lang='lat' dir='ltr'><strong>cum</strong></span> 
     </span>
     <span class='ocr_line' id='line_1_15' title="bbox 277 1813 1734 1869; baseline 0.001 -16"><span class='ocrx_word' id='word_1_95' title='bbox 277 1814 464 1868; x_wconf 87' lang='lat' dir='ltr'><strong>posueris</strong></span> <span class='ocrx_word' id='word_1_96' title='bbox 505 1813 661 1869; x_wconf 88' lang='lat' dir='ltr'><strong>aliquid</strong></span> <span class='ocrx_word' id='word_1_97' title='bbox 702 1828 875 1869; x_wconf 88' lang='lat' dir='ltr'><strong>parvum</strong></span> <span class='ocrx_word' id='word_1_98' title='bbox 916 1814 1160 1865; x_wconf 88' lang='lat' dir='ltr'><strong>limandum,</strong></span> <span class='ocrx_word' id='word_1_99' title='bbox 1209 1813 1438 1869; x_wconf 85' lang='lat' dir='ltr'><strong>comprime</strong></span> <span class='ocrx_word' id='word_1_100' title='bbox 1479 1813 1651 1864; x_wconf 87' lang='lat' dir='ltr'><strong>fortiter,</strong></span> <span class='ocrx_word' id='word_1_101' title='bbox 1692 1820 1734 1854; x_wconf 89' lang='lat' dir='ltr'><strong>et</strong></span> 
     </span>
     <span class='ocr_line' id='line_1_16' title="bbox 276 1881 1733 1938; baseline 0 -17"><span class='ocrx_word' id='word_1_102' title='bbox 276 1881 395 1921; x_wconf 90' lang='lat' dir='ltr'><strong>mitte</strong></span> <span class='ocrx_word' id='word_1_103' title='bbox 417 1881 614 1936; x_wconf 78' lang='lat' dir='ltr'><strong>gracilem</strong></span> <span class='ocrx_word' id='word_1_104' title='bbox 642 1882 819 1922; x_wconf 88' lang='lat' dir='ltr'><strong>caudam</strong></span> <span class='ocrx_word' id='word_1_105' title='bbox 847 1882 890 1922; x_wconf 91' lang='lat' dir='ltr'><strong>in</strong></span> <span class='ocrx_word' id='word_1_106' title='bbox 916 1883 1030 1938; x_wconf 85' lang='lat' dir='ltr'><strong>quod</strong></span> <span class='ocrx_word' id='word_1_107' title='bbox 1051 1882 1238 1923; x_wconf 85' lang='lat' dir='ltr'><strong>foramen</strong></span> <span class='ocrx_word' id='word_1_108' title='bbox 1265 1882 1456 1922; x_wconf 91' lang='lat' dir='ltr'><strong>volueris.</strong></span> <span class='ocrx_word' id='word_1_109' title='bbox 1519 1881 1629 1922; x_wconf 90' lang='lat' dir='ltr'><strong>Item</strong></span> <span class='ocrx_word' id='word_1_110' title='bbox 1651 1881 1733 1921; x_wconf 88' lang='lat' dir='ltr'><strong>for-</strong></span> 
     </span>
     <span class='ocr_line' id='line_1_17' title="bbox 277 1947 1733 2003; baseline 0.001 -15"><span class='ocrx_word' id='word_1_111' title='bbox 277 1948 389 2003; x_wconf 87' lang='lat' dir='ltr'><strong>cipes</strong></span> <span class='ocrx_word' id='word_1_112' title='bbox 417 1947 592 2002; x_wconf 88' lang='lat' dir='ltr'><strong>parvuli,</strong></span> <span class='ocrx_word' id='word_1_113' title='bbox 620 1948 662 1988; x_wconf 90' lang='lat' dir='ltr'><strong>in</strong></span> <span class='ocrx_word' id='word_1_114' title='bbox 691 1963 776 1989; x_wconf 90' lang='lat' dir='ltr'><strong>una</strong></span> <span class='ocrx_word' id='word_1_115' title='bbox 803 1949 1043 1990; x_wconf 84' lang='lat' dir='ltr'><strong>summitate</strong></span> <span class='ocrx_word' id='word_1_116' title='bbox 1071 1949 1148 1990; x_wconf 88' lang='lat' dir='ltr'><strong>sibi</strong></span> <span class='ocrx_word' id='word_1_117' title='bbox 1177 1949 1452 2000; x_wconf 76' lang='lat' dir='ltr'><strong>adhaerentes,</strong></span> <span class='ocrx_word' id='word_1_118' title='bbox 1480 1949 1584 1989; x_wconf 90' lang='lat' dir='ltr'><strong>etin</strong></span> <span class='ocrx_word' id='word_1_119' title='bbox 1605 1949 1733 1989; x_wconf 84' lang='lat' dir='ltr'><strong>altera</strong></span> 
     </span>
     <span class='ocr_line' id='line_1_18' title="bbox 277 2015 1731 2076; baseline 0.001 -22"><span class='ocrx_word' id='word_1_120' title='bbox 277 2015 467 2069; x_wconf 81' lang='lat' dir='ltr'><strong>graciles,</strong></span> <span class='ocrx_word' id='word_1_121' title='bbox 498 2016 649 2076; x_wconf 85' lang='lat' dir='ltr'><strong>quibus</strong></span> <span class='ocrx_word' id='word_1_122' title='bbox 680 2031 812 2072; x_wconf 82' lang='lat' dir='ltr'><strong>grana</strong></span> <span class='ocrx_word' id='word_1_123' title='bbox 842 2023 884 2058; x_wconf 91' lang='lat' dir='ltr'><strong>et</strong></span> <span class='ocrx_word' id='word_1_124' title='bbox 913 2017 994 2058; x_wconf 89' lang='lat' dir='ltr'><strong>alia</strong></span> <span class='ocrx_word' id='word_1_125' title='bbox 1023 2031 1199 2073; x_wconf 89' lang='lat' dir='ltr'><strong>quaeque</strong></span> <span class='ocrx_word' id='word_1_126' title='bbox 1227 2016 1388 2057; x_wconf 89' lang='lat' dir='ltr'><strong>minuta</strong></span> <span class='ocrx_word' id='word_1_127' title='bbox 1413 2022 1731 2071; x_wconf 87' lang='lat' dir='ltr'><strong>componantur.</strong></span> 
     </span>
     <span class='ocr_line' id='line_1_19' title="bbox 280 2082 1733 2140; baseline 0.001 -18"><span class='ocrx_word' id='word_1_128' title='bbox 280 2082 386 2123; x_wconf 89' lang='lat' dir='ltr'><strong>Item</strong></span> <span class='ocrx_word' id='word_1_129' title='bbox 408 2083 600 2139; x_wconf 89' lang='lat' dir='ltr'><strong>forcipes,</strong></span> <span class='ocrx_word' id='word_1_130' title='bbox 622 2085 693 2140; x_wconf 92' lang='lat' dir='ltr'><strong>qui</strong></span> <span class='ocrx_word' id='word_1_131' title='bbox 722 2085 916 2126; x_wconf 88' lang='lat' dir='ltr'><strong>dicuntur</strong></span> <span class='ocrx_word' id='word_1_132' title='bbox 945 2084 1192 2135; x_wconf 85' lang='lat' dir='ltr'><strong>carbonarii,</strong></span> <span class='ocrx_word' id='word_1_133' title='bbox 1214 2091 1256 2125; x_wconf 88' lang='lat' dir='ltr'><strong>et</strong></span> <span class='ocrx_word' id='word_1_134' title='bbox 1275 2084 1454 2139; x_wconf 88' lang='lat' dir='ltr'><strong>majores</strong></span> <span class='ocrx_word' id='word_1_135' title='bbox 1475 2091 1518 2124; x_wconf 90' lang='lat' dir='ltr'><strong>et</strong></span> <span class='ocrx_word' id='word_1_136' title='bbox 1538 2083 1733 2133; x_wconf 89' lang='lat' dir='ltr'><strong>minores,</strong></span> 
     </span>
     <span class='ocr_line' id='line_1_20' title="bbox 278 2143 1735 2208; baseline 0 -17"><span class='ocrx_word' id='word_1_137' title='bbox 278 2143 372 2206; x_wconf 86' lang='lat' dir='ltr'><strong>quae</strong></span> <span class='ocrx_word' id='word_1_138' title='bbox 393 2151 476 2192; x_wconf 90' lang='lat' dir='ltr'><strong>sint</strong></span> <span class='ocrx_word' id='word_1_139' title='bbox 496 2152 538 2192; x_wconf 91' lang='lat' dir='ltr'><strong>in</strong></span> <span class='ocrx_word' id='word_1_140' title='bbox 559 2167 643 2193; x_wconf 86' lang='lat' dir='ltr'><strong>una</strong></span> <span class='ocrx_word' id='word_1_141' title='bbox 664 2153 904 2194; x_wconf 86' lang='lat' dir='ltr'><strong>summitate</strong></span> <span class='ocrx_word' id='word_1_142' title='bbox 921 2153 1068 2208; x_wconf 83' lang='lat' dir='ltr'><strong>integri</strong></span> <span class='ocrx_word' id='word_1_143' title='bbox 1091 2159 1132 2194; x_wconf 89' lang='lat' dir='ltr'><strong>et</strong></span> <span class='ocrx_word' id='word_1_144' title='bbox 1152 2152 1306 2208; x_wconf 87' lang='lat' dir='ltr'><strong>plicati,</strong></span> <span class='ocrx_word' id='word_1_145' title='bbox 1327 2151 1370 2191; x_wconf 91' lang='lat' dir='ltr'><strong>in</strong></span> <span class='ocrx_word' id='word_1_146' title='bbox 1391 2152 1520 2192; x_wconf 86' lang='lat' dir='ltr'><strong>altera</strong></span> <span class='ocrx_word' id='word_1_147' title='bbox 1541 2151 1672 2206; x_wconf 87' lang='lat' dir='ltr'><strong>aperti</strong></span> <span class='ocrx_word' id='word_1_148' title='bbox 1693 2158 1735 2192; x_wconf 87' lang='lat' dir='ltr'><strong>et</strong></span> 
     </span>
     <span class='ocr_line' id='line_1_21' title="bbox 280 2223 1733 2281; baseline -0.001 -17"><span class='ocrx_word' id='word_1_149' title='bbox 280 2223 443 2264; x_wconf 88' lang='lat' dir='ltr'><strong>modice</strong></span> <span class='ocrx_word' id='word_1_150' title='bbox 464 2225 590 2265; x_wconf 89' lang='lat' dir='ltr'><strong>curvi.</strong></span> <span class='ocrx_word' id='word_1_151' title='bbox 653 2225 760 2267; x_wconf 88' lang='lat' dir='ltr'><strong>Item</strong></span> <span class='ocrx_word' id='word_1_152' title='bbox 789 2225 967 2281; x_wconf 90' lang='lat' dir='ltr'><strong>forcipes</strong></span> <span class='ocrx_word' id='word_1_153' title='bbox 989 2223 1178 2266; x_wconf 56' lang='lat' dir='ltr'><strong>⁴incisorii</strong></span> <span class='ocrx_word' id='word_1_154' title='bbox 1211 2225 1390 2280; x_wconf 87' lang='lat' dir='ltr'><strong>majores</strong></span> <span class='ocrx_word' id='word_1_155' title='bbox 1412 2230 1454 2265; x_wconf 85' lang='lat' dir='ltr'><strong>et</strong></span> <span class='ocrx_word' id='word_1_156' title='bbox 1476 2224 1668 2275; x_wconf 82' lang='lat' dir='ltr'><strong>minores,</strong></span> <span class='ocrx_word' id='word_1_157' title='bbox 1690 2223 1733 2263; x_wconf 89' lang='lat' dir='ltr'><strong>in</strong></span> 
     </span>
     <span class='ocr_line' id='line_1_22' title="bbox 280 2290 1289 2349; baseline 0.001 -18"><span class='ocrx_word' id='word_1_158' title='bbox 280 2290 443 2332; x_wconf 82' lang='lat' dir='ltr'><strong>duabus</strong></span> <span class='ocrx_word' id='word_1_159' title='bbox 464 2292 652 2347; x_wconf 87' lang='lat' dir='ltr'><strong>partibus</strong></span> <span class='ocrx_word' id='word_1_160' title='bbox 674 2291 894 2349; x_wconf 84' lang='lat' dir='ltr'><strong>compositi</strong></span> <span class='ocrx_word' id='word_1_161' title='bbox 916 2300 958 2334; x_wconf 90' lang='lat' dir='ltr'><strong>et</strong></span> <span class='ocrx_word' id='word_1_162' title='bbox 978 2293 1099 2333; x_wconf 90' lang='lat' dir='ltr'><strong>clavo</strong></span> <span class='ocrx_word' id='word_1_163' title='bbox 1121 2293 1289 2333; x_wconf 86' lang='lat' dir='ltr'><strong>confixi.</strong></span> 
     </span>
    </p>
   </div>
   <div class='ocr_carea' id='block_1_7' title="bbox 730 2447 1249 2451">
    <p class='ocr_par' dir='ltr' id='par_1_8' title="bbox 730 2447 1249 2451">
     <span class='ocr_line' id='line_1_23' title="bbox 730 2447 1249 2451; baseline 0 0"><span class='ocrx_word' id='word_1_164' title='bbox 730 2447 1249 2451; x_wconf 95' lang='lat' dir='ltr'><strong> </strong></span> 
     </span>
    </p>
   </div>
   <div class='ocr_carea' id='block_1_8' title="bbox 722 2538 1307 2603">
    <p class='ocr_par' dir='ltr' id='par_1_9' title="bbox 722 2538 1307 2603">
     <span class='ocr_line' id='line_1_24' title="bbox 722 2538 1307 2603; baseline -0.005 0"><span class='ocrx_word' id='word_1_165' title='bbox 722 2539 1026 2603; x_wconf 86' lang='lat' dir='ltr'><strong>CAPUT</strong></span> <span class='ocrx_word' id='word_1_166' title='bbox 1094 2538 1307 2601; x_wconf 88' lang='lat' dir='ltr'><strong>VIII.</strong></span> 
     </span>
    </p>
   </div>
   <div class='ocr_carea' id='block_1_9' title="bbox 529 2684 1488 2718">
    <p class='ocr_par' dir='ltr' id='par_1_10' title="bbox 529 2684 1488 2718">
     <span class='ocr_line' id='line_1_25' title="bbox 529 2684 1488 2718; baseline -0.005 -1"><span class='ocrx_word' id='word_1_167' title='bbox 529 2690 588 2716; x_wconf 88' lang='lat' dir='ltr'><strong>DE</strong></span> <span class='ocrx_word' id='word_1_168' title='bbox 619 2688 778 2716; x_wconf 73' lang='lat' dir='ltr'>FERRlS</span> <span class='ocrx_word' id='word_1_169' title='bbox 810 2687 895 2714; x_wconf 87' lang='lat' dir='ltr'><strong>PER</strong></span> <span class='ocrx_word' id='word_1_170' title='bbox 927 2686 1031 2718; x_wconf 82' lang='lat' dir='ltr'><strong>QUAE</strong></span> <span class='ocrx_word' id='word_1_171' title='bbox 1062 2685 1164 2712; x_wconf 87' lang='lat' dir='ltr'><strong>FILA</strong></span> <span class='ocrx_word' id='word_1_172' title='bbox 1193 2684 1488 2713; x_wconf 79' lang='lat' dir='ltr'><strong>TRAHUNTUR.</strong></span> 
     </span>
    </p>
   </div>
   <div class='ocr_carea' id='block_1_10' title="bbox 283 2771 1737 2972">
    <p class='ocr_par' dir='ltr' id='par_1_11' title="bbox 283 2771 1737 2972">
     <span class='ocr_line' id='line_1_26' title="bbox 385 2771 1737 2830; baseline -0.005 -11"><span class='ocrx_word' id='word_1_173' title='bbox 385 2777 534 2819; x_wconf 84' lang='lat' dir='ltr'><strong>ERRI</strong></span> <span class='ocrx_word' id='word_1_174' title='bbox 557 2777 642 2818; x_wconf 92' lang='lat' dir='ltr'><strong>duo</strong></span> <span class='ocrx_word' id='word_1_175' title='bbox 662 2775 878 2817; x_wconf 88' lang='lat' dir='ltr'><strong>latitudine</strong></span> <span class='ocrx_word' id='word_1_176' title='bbox 896 2774 1020 2815; x_wconf 90' lang='lat' dir='ltr'><strong>trium</strong></span> <span class='ocrx_word' id='word_1_177' title='bbox 1041 2774 1279 2830; x_wconf 85' lang='lat' dir='ltr'><strong>digitorum,</strong></span> <span class='ocrx_word' id='word_1_178' title='bbox 1301 2773 1489 2829; x_wconf 86' lang='lat' dir='ltr'><strong>superius</strong></span> <span class='ocrx_word' id='word_1_179' title='bbox 1505 2779 1547 2814; x_wconf 87' lang='lat' dir='ltr'><strong>et</strong></span> <span class='ocrx_word' id='word_1_180' title='bbox 1566 2771 1737 2813; x_wconf 82' lang='lat' dir='ltr'><strong>inferius</strong></span> 
     </span>
     <span class='ocr_line' id='line_1_27' title="bbox 386 2841 1734 2900; baseline -0.007 -12"><span class='ocrx_word' id='word_1_181' title='bbox 386 2845 528 2896; x_wconf 86' lang='lat' dir='ltr'><strong>stricti,</strong></span> <span class='ocrx_word' id='word_1_182' title='bbox 550 2859 623 2900; x_wconf 89' lang='lat' dir='ltr'><strong>per</strong></span> <span class='ocrx_word' id='word_1_183' title='bbox 653 2843 793 2885; x_wconf 85' lang='lat' dir='ltr'><strong>omnia</strong></span> <span class='ocrx_word' id='word_1_184' title='bbox 822 2850 982 2894; x_wconf 87' lang='lat' dir='ltr'><strong>tenues,</strong></span> <span class='ocrx_word' id='word_1_185' title='bbox 1003 2850 1044 2884; x_wconf 89' lang='lat' dir='ltr'><strong>et</strong></span> <span class='ocrx_word' id='word_1_186' title='bbox 1067 2842 1199 2883; x_wconf 89' lang='lat' dir='ltr'><strong>tribus</strong></span> <span class='ocrx_word' id='word_1_187' title='bbox 1227 2841 1442 2884; x_wconf 86' lang='lat' dir='ltr'><strong>ordinibus</strong></span> <span class='ocrx_word' id='word_1_188' title='bbox 1463 2847 1536 2882; x_wconf 86' lang='lat' dir='ltr'><strong>aut</strong></span> <span class='ocrx_word' id='word_1_189' title='bbox 1555 2846 1734 2896; x_wconf 82' lang='lat' dir='ltr'><strong>quatuor</strong></span> 
     </span>
     <span class='ocr_line' id='line_1_28' title="bbox 283 2910 1268 2972; baseline -0.007 -15"><span class='ocrx_word' id='word_1_190' title='bbox 283 2915 494 2972; x_wconf 87' lang='lat' dir='ltr'><strong>perforati,</strong></span> <span class='ocrx_word' id='word_1_191' title='bbox 516 2929 588 2970; x_wconf 87' lang='lat' dir='ltr'><strong>per</strong></span> <span class='ocrx_word' id='word_1_192' title='bbox 609 2927 702 2969; x_wconf 87' lang='lat' dir='ltr'><strong>quae</strong></span> <span class='ocrx_word' id='word_1_193' title='bbox 723 2911 927 2955; x_wconf 85' lang='lat' dir='ltr'><strong>foramina</strong></span> <span class='ocrx_word' id='word_1_194' title='bbox 948 2911 1018 2952; x_wconf 80' lang='lat' dir='ltr'><strong>fila</strong></span> <span class='ocrx_word' id='word_1_195' title='bbox 1038 2910 1268 2951; x_wconf 86' lang='lat' dir='ltr'><strong>trahantur.</strong></span> 
     </span>
    </p>
   </div>
   <div class='ocr_carea' id='block_1_11' title="bbox 1932 2463 1970 2728">
    <p class='ocr_par' dir='ltr' id='par_1_12' title="bbox 1932 2463 1970 2728">
     <span class='ocr_line' id='line_1_29' title="bbox 1932 2463 1970 2728; baseline 0 474"><span class='ocrx_word' id='word_1_196' title='bbox 1932 2463 1970 2728; x_wconf 95' lang='lat' dir='ltr'><strong> </strong></span> 
     </span>
    </p>
   </div>
   <div class='ocr_carea' id='block_1_12' title="bbox 1942 2845 1963 2943">
    <p class='ocr_par' dir='ltr' id='par_1_13' title="bbox 1942 2845 1963 2943">
     <span class='ocr_line' id='line_1_30' title="bbox 1942 2845 1963 2943; baseline 0 -93"><span class='ocrx_word' id='word_1_197' title='bbox 1942 2845 1963 2943; x_wconf 25' lang='grc' dir='ltr'><strong>,ᾖ</strong></span> 
     </span>
    </p>
   </div>
   <div class='ocr_carea' id='block_1_13' title="bbox 1938 2953 1961 3170">
    <p class='ocr_par' dir='ltr' id='par_1_14' title="bbox 1938 2953 1961 3170">
     <span class='ocr_line' id='line_1_31' title="bbox 1938 2953 1961 3170; textangle 90"><span class='ocrx_word' id='word_1_198' title='bbox 1943 3104 1959 3170; x_wconf 53' lang='grc' dir='ltr'><strong>..ι-ελ</strong></span> <span class='ocrx_word' id='word_1_199' title='bbox 1938 2953 1961 3088; x_wconf 50' lang='lat' dir='ltr'><strong>“mhffva</strong></span> 
     </span>
    </p>
   </div>
  </div>
 </body>
</html>
