1970 3202
302 289 385 330 388
733 305 983 331 'rnssoPmm
1016 306 1151 331 Limia
1183 305 1250 332 111.

302 401 503 454 foramen,
526 403 583 443 ita
604 409 650 443 ut
670 403 864 444 dimidius
886 405 926 444 in
950 420 998 445 eo
1024 406 1165 460 jacere
1188 406 1332 459 possit,
1355 412 1396 446 et
1417 420 1513 446 cum
1536 420 1631 446 cera
1653 420 1754 446 con—

302 469 488 511 firmabis
518 485 610 511 eum
639 471 681 511 in
710 472 857 512 eodem
888 472 1002 527 ligno
1024 479 1069 513 ut
1089 472 1323 524 adliaereat3
1357 474 1590 528 tollensque
1623 488 1751 513 unuin

300 537 540 579 malleolum
572 545 739 594 percute
764 540 906 580 leniter
934 540 974 579 in
1006 540 1141 580 medio
1171 540 1269 581 nodi
1299 540 1342 580 in
1372 555 1457 581 uno
1486 541 1594 589 loco,
1617 540 1753 581 donec

299 603 486 646 foramen
519 621 691 661 parvum
724 607 866 657 facim,
909 609 1050 663 sicque
1082 609 1124 647 in
1156 607 1294 648 medio
1336 607 1609 663 percutiendo
1641 614 1682 648 et
1711 608 1753 647 in

300 672 473 714 circuitu
501 675 720 730 diligenter
747 675 994 731 frangendo,
1023 682 1264 717 cavaturam
1298 675 1485 731 augebis.
1547 674 1754 731 Cumque,

299 738 358 780 sic
379 741 650 795 persistendo,
664 744 717 783 ad
740 744 1014 784 meditullium
1032 743 1131 784 nodi
1148 743 1396 798 perveneris,
1419 748 1616 783 converte
1637 743 1753 783 illum

299 812 340 846 et
361 807 403 847 in
424 809 596 850 alteram
618 816 777 865 partem
800 811 864 852 fac
886 810 1082 852 similiter.
1143 810 1280 858 Quem
1303 824 1399 850 cum
1420 809 1752 861 transforaveris,

298 883 464 929 percute
495 892 667 932 cuprum
698 879 959 933 longitudine
990 878 1107 933 pedis
1138 877 1259 918 unius
1287 883 1328 917 et
1357 877 1597 927 rotundum,
1629 878 1687 917 ita
1708 884 1754 917 ut

298 942 486 984 foramen
521 946 694 987 transire
728 947 871 1001 possit,
903 946 1196 1002 accipiensque
1225 945 1419 985 sabulum
1450 950 1621 985 acutum
1643 944 1754 1000 aqua

298 1010 489 1062 mixtum,
523 1012 639 1053 mitte
672 1013 713 1053 in
748 1014 935 1054 foramen
969 1022 1010 1054 et
1042 1028 1138 1054 cum
1171 1028 1300 1068 cupro
1334 1013 1446 1053 lima.
1510 1011 1620 1052 Cum
1654 1026 1752 1051 vero

297 1078 484 1119 foramen
515 1080 772 1135 aliquantum
803 1081 1056 1132 dilataveris,
1087 1088 1254 1137 percute
1286 1081 1396 1121 aliud
1429 1094 1603 1134 cuprum
1636 1094 1752 1134 gros-

296 1145 396 1196 sius,
413 1160 509 1187 cum
530 1163 614 1203 quo
632 1149 815 1189 similiter
836 1149 998 1190 limabis
1013 1166 1023 1200 ;
1057 1154 1098 1189 et
1118 1148 1153 1189 si
1170 1163 1275 1204 opus
1293 1148 1416 1189 fuerit
1432 1148 1562 1188 addes
1580 1162 1751 1202 cuprum

297 1214 464 1254 tertium
495 1216 690 1271 grossius.
753 1217 946 1273 Cumque
977 1223 1023 1257 ut
1053 1216 1229 1257 volueris
1256 1216 1446 1256 foramen
1477 1215 1751 1270 ampliaveris,

298 1281 443 1337 frange
484 1284 697 1324 sabuleuni
739 1285 920 1339 lapidem
962 1283 1177 1333 subtiliter,
1215 1290 1256 1323 et
1297 1283 1378 1324 hoc
1419 1283 1615 1338 imposito
1657 1298 1751 1324 cum

297 1364 425 1405 cupro
456 1366 565 1392 novo
595 1352 767 1393 limabis‘
790 1353 924 1393 donec
955 1353 1115 1408 aequale
1146 1352 1232 1392 fiat.
1297 1351 1462 1391 DeInde
1494 1351 1592 1392 tolle
1616 1352 1752 1406 plum-

298 1417 397 1458 bum
429 1420 516 1474 pari
547 1421 673 1461 niodo
705 1421 944 1469 rotundum,
976 1419 1205 1475 additaque
1236 1419 1430 1459 fricatura
1462 1418 1624 1473 tegulae,
1656 1433 1752 1459 cum

297 1486 439 1537 saliva,
472 1487 601 1542 polies
633 1488 821 1529 foramen
848 1488 1030 1539 interius,
1061 1488 1282 1543 ipsumque
1312 1486 1470 1527 nodum
1491 1486 1598 1527 sicut
1628 1501 1753 1542 supra

297 1555 491 1596 exterius.
555 1556 830 1597 Purissimum
865 1556 1122 1596 christallum
1155 1554 1495 1595 rotundissimum
1527 1554 1752 1595 formatum

296 1629 338 1663 et
367 1623 556 1678 politum,
589 1624 787 1680 aquaque
809 1624 873 1664 vel
904 1622 1034 1664 saliva
1063 1622 1349 1663 madefactum
1379 1628 1420 1663 et
1444 1623 1555 1663 claro
1577 1622 1655 1662 soli
1676 1623 1751 1663 ad-

297 1689 487 1742 hibitum,
508 1691 595 1732 isca
614 1706 741 1747 quam
763 1697 971 1732 tenturam
989 1696 1143 1732 vocant
1163 1690 1380 1746 supposita
1400 1690 1471 1742 ita,
1493 1698 1539 1730 ut
1559 1691 1753 1745 splendor

296 1757 339 1798 in
374 1773 468 1799 eam
495 1759 641 1810 vibret,
672 1760 811 1815 ignem
844 1758 1154 1800 velocissimum
1189 1758 1327 1799 trahit.
1390 1757 1518 1807 Quod
1553 1758 1588 1799 si
1622 1758 1752 1799 chris-

295 1827 440 1868 tallum
477 1842 617 1868 secare
651 1828 843 1879 volueris,
874 1827 1002 1881 infige
1043 1832 1222 1881 quatuor
1257 1827 1399 1867 clavos
1433 1827 1595 1882 ligneos
1629 1841 1753 1882 super

295 1909 526 1946 scamnum,
548 1896 654 1936 inter
682 1910 789 1951 quos
819 1894 1076 1935 christallum
1107 1894 1279 1936 firmiter
1302 1894 1455 1950 jaceat,
1477 1895 1548 1951 qui
1568 1895 1674 1936 clavi
1693 1895 1752 1936 sic

294 1963 479 2014 stabunt,
500 1969 547 2003 ut
577 1963 660 2003 duo
693 1962 882 2017 superius
913 1968 954 2003 et
981 1963 1066 2003 duo
1098 1962 1266 2003 inferius
1297 1963 1355 2003 sic
1380 1963 1556 2004 strictim
1578 1962 1753 2017 conjun-

295 2037 459 2086 gantur,
480 2039 527 2071 ut
547 2046 659 2072 serra
679 2031 789 2071 inter
810 2045 882 2071 eos
904 2030 1011 2070 trahi
1035 2030 1103 2070 vix
1125 2030 1270 2085 possit,
1291 2036 1332 2071 et
1352 2030 1394 2070 in
1413 2031 1570 2071 nullam
1590 2037 1750 2085 partem

295 2099 420 2151 flecti,
453 2099 761 2154 imponensque
783 2113 938 2139 serram
965 2098 1140 2139 ferream
1170 2103 1296 2153 atque
1318 2098 1601 2153 superjaciens
1628 2097 1751 2138 sabu-

296 2168 380 2208 lum
403 2174 573 2208 acutum
594 2166 705 2223 aqua
726 2166 1017 2217 commixtum,
1040 2165 1105 2206 fac
1122 2173 1232 2206 stare
1248 2165 1353 2206 duos
1369 2165 1441 2221 qui
1457 2179 1550 2206 eam
1567 2165 1750 2216 trahant,

295 2235 449 2291 quique
469 2235 662 2276 sabulum
684 2249 780 2276 cum
802 2248 912 2290 aqua
941 2234 1030 2274 sine
1052 2232 1357 2274 intermissione
1377 2233 1555 2288 desuper
1577 2232 1750 2287 jaciant.

298 2303 392 2344 Hoc
423 2303 584 2344 tamdiu
614 2304 702 2355 fiat,
727 2293 863 2344 donec
895 2302 1152 2343 christallum
1183 2301 1225 2340 in
1250 2300 1412 2341 duabus
1440 2301 1626 2356 partibus
1646 2301 1750 2341 divi-

295 2372 429 2423 datur,
460 2385 564 2426 quas
595 2371 890 2426 superfricabis
922 2377 964 2411 et
993 2371 1123 2425 polies
1154 2376 1199 2410 ut
1229 2383 1367 2425 supra.
1430 2368 1590 2410 Eodem
1622 2370 1749 2410 modo

296 2445 503 2490 secantur,
533 2439 732 2479 fricantur
763 2446 889 2495 atque
922 2431 1133 2493 poliuntur
1161 2437 1260 2478 onix
1288 2443 1330 2477 et
1353 2436 1533 2488 berillus,
1562 2451 1749 2493 smarag-

295 2508 386 2558 dus,
402 2506 536 2562 jaspis
557 2513 600 2547 et
620 2506 900 2557 calcedonius,
922 2499 1130 2561 ceterique
1152 2504 1308 2560 lapides
1329 2504 1527 2559 preciosi3
1555 2504 1603 2544 fit
1623 2504 1748 2545 etiam

294 2574 560 2615 tenuissimus
585 2574 719 2629 pulvis
750 2574 802 2614 de
835 2572 1080 2629 fragmentis
1111 2571 1309 2613 christalli
1337 2571 1422 2627 qui,
1450 2571 1604 2612 mixtus
1625 2571 1748 2627 aqua,

296 2643 462 2699 ponitur
493 2656 617 2698 super
648 2642 852 2698 aequalem
885 2642 1044 2697 lignum
1073 2640 1125 2681 de
1151 2640 1251 2690 tilia,
1280 2646 1321 2679 et
1349 2639 1525 2694 desuper
1552 2638 1749 2680 fricantur
