1970 3202
321 279 405 321 422
930 294 1166 324 ADDENDA.

626 498 666 526 SI
698 499 770 526 VIS
801 498 978 527 FACERE
1010 498 1216 527 AzURIUM
1249 500 1475 528 OPTIMUM.

319 604 619 704 ACCIPE
655 608 782 650 ollam
810 623 965 650 novam
995 615 1038 649 et
1067 609 1186 650 mitte
1214 609 1260 650 in
1289 623 1340 650 ea
1369 609 1546 650 laminas
1567 608 1778 667 purissimi

460 675 621 730 argenti
641 681 821 732 quantas
850 676 1045 728 volueris,
1074 682 1116 718 et
1136 691 1246 732 pone
1274 676 1390 717 illam
1416 677 1545 718 ollam
1565 676 1610 716 in
1629 675 1779 717 vinde-

321 741 450 783 miam
480 757 574 799 quae
603 749 668 785 est
696 744 885 800 pnoJecta
914 744 967 786 de
995 744 1192 786 torculari
1222 744 1309 785 sive
1332 744 1386 785 de
1405 743 1508 795 tina,
1537 748 1580 784 et
1609 743 1778 798 cooperi

318 809 447 851 ollam
467 825 564 851 cum
591 811 756 853 laminis
776 812 830 854 de
849 812 942 868 ipsa
961 812 1174 854 vindemia
1193 818 1235 853 et
1254 826 1376 853 serva
1401 811 1623 868 diligenter
1642 825 1778 867 usque

317 877 371 918 ad
392 892 462 919 xv,
483 879 586 931 dies,
608 885 650 921 et
669 880 729 921 sic
756 880 917 936 aperies
947 881 1075 922 ollam
1105 880 1234 931 illam,
1266 885 1308 922 et
1327 879 1483 921 siccata
1512 879 1628 935 quod
1650 884 1715 920 est
1733 880 1778 920 in

316 945 483 987 laminis
513 946 613 988 rade
633 947 676 988 in
697 947 973 990 mundissimo
1001 962 1113 989 vase.
1177 947 1304 996 Quod
1331 947 1366 988 si
1394 947 1573 1003 amplius
1598 947 1778 988 volueris

319 1013 388 1055 fac
408 1014 558 1056 iterum
579 1015 780 1058 similiter.

652 1355 692 1382 SI
727 1354 797 1382 VIS
828 1354 976 1382 ALIUM
1008 1352 1218 1381 AZURIUM
1251 1352 1441 1381 FACERE.

321 1460 620 1562 ACCIPE
641 1464 871 1519 ampullam
885 1464 938 1505 de
954 1462 1176 1519 purissimo
1193 1477 1323 1519 cupro
1343 1467 1386 1503 et
1403 1462 1531 1517 imple
1551 1461 1780 1504 fortissimo

472 1537 608 1584 aceto,
639 1538 681 1573 et
700 1532 869 1588 cooperi
895 1532 1116 1588 diligenter
1136 1546 1185 1573 os
1205 1532 1310 1588 ejus,
1340 1545 1394 1572 ne
1413 1529 1570 1587 aliquid
1591 1530 1779 1572 humoris

318 1599 384 1640 vel
404 1600 571 1655 vaporis
601 1599 734 1656 possit
762 1599 888 1652 exire,
910 1599 1071 1641 addens
1098 1604 1141 1641 et
1170 1599 1205 1641 si
1234 1612 1405 1640 necesse
1435 1603 1500 1639 est
1529 1598 1583 1639 ad
1610 1597 1692 1639 hoc
1717 1603 1779 1639 te-

319 1682 469 1709 nacem
498 1674 652 1710 terram
682 1670 747 1710 vel
775 1675 968 1725 pastam3
1010 1674 1053 1710 et
1080 1668 1214 1724 ipsam
1245 1667 1474 1723 ampullam
1504 1666 1562 1708 ita
1592 1667 1779 1707 clausam

320 1751 433 1793 pone
453 1736 498 1778 in
522 1738 662 1794 aliquo
692 1739 828 1780 calido
857 1739 951 1780 loco
972 1743 1046 1779 aut
1063 1738 1107 1779 in
1128 1743 1296 1789 terram,
1325 1741 1400 1778 aut
1425 1736 1470 1777 in
1490 1736 1651 1777 foenum
1681 1749 1780 1791 pro-

313 1805 476 1862 jectum
496 1806 549 1848 de
578 1807 758 1859 stabulo,
789 1812 832 1849 et
851 1807 911 1849 sic
931 1806 1096 1848 dimitte
1125 1820 1199 1863 per
1218 1820 1350 1847 unum
1380 1818 1581 1857 mensem,
1611 1809 1654 1846 et
1677 1809 1779 1845 tunc

319 1875 431 1930 aperi
451 1876 568 1918 illam
589 1876 832 1932 ampullam,
848 1880 890 1918 et
909 1875 1025 1931 quod
1045 1874 1251 1917 inveneris
1263 1872 1309 1914 in
1330 1887 1380 1915 ea
1394 1873 1557 1914 dimitte
1577 1872 1631 1914 ad
1647 1872 1779 1913 solem

322 1956 492 1984 Slccare.

980 2485 1114 2515 FINIS.
