1970 3202
229 259 307 299 116
673 270 906 299 PROLOGUS
938 271 985 298 m
1018 271 1278 299 SECUNDUM.

221 381 430 426 imitator
452 395 539 440 ego
563 380 826 426 desiderans
852 381 962 435 fore,
987 381 1271 441 apprehendi
1306 380 1478 425 atrium
1512 378 1676 441 regiae¹

223 458 411 517 Sophiae
438 457 768 517 conspicorque
797 457 1013 502 cellulam
1038 458 1320 502 diversorum
1349 456 1554 502 colorum
1583 472 1682 502 om-

224 535 413 579 nimoda
436 534 663 579 varietate
697 534 917 579 refertam
948 542 997 579 et
1027 540 1365 579 monstrantem
1394 533 1680 593 singulorum

225 612 482 656 utilitatem
506 626 561 655 ac
583 616 810 655 naturam.
881 610 986 663 Quo
1013 626 1124 654 mox
1148 611 1439 655 inobservato
1471 610 1590 670 pede
1613 611 1682 655 in-

225 703 420 749 gressus,
454 687 630 746 replevi
661 687 956 732 armariolum
992 687 1141 732 cordis
1174 687 1268 731 mei
1302 685 1586 732 sufficienter
1622 703 1682 732 ex

227 765 453 816 omnibus,
489 779 590 823 quae
625 763 838 823 diligenti
873 763 1162 822 experientia
1202 762 1441 823 sigillatim
1476 778 1684 822 perscru-

226 847 365 893 tatus,
397 845 567 884 cuncta
593 840 694 884 visu
723 839 1030 899 manibusque
1060 839 1254 899 probata
1282 839 1392 884 satis
1423 839 1577 885 lucide
1599 846 1683 885 tuo

188 962 190 964 ,
227 917 381 962 studio
415 916 737 961 commendavi
771 916 945 975 absque
979 915 1164 960 invidia.
1248 915 1429 960 Verum
1464 917 1683 975 quoniam

225 993 491 1055 hujUsmodi
514 993 706 1052 picturae
735 1007 845 1037 usus
876 991 1119 1051 perspicax
1153 1006 1246 1034 non
1268 991 1394 1035 valet
1418 1006 1530 1044 esse,
1554 993 1683 1051 quasi

228 1071 433 1115 curiosus
449 1069 714 1129 explorator
732 1069 946 1114 omnibus
964 1068 1114 1112 modis
1139 1067 1371 1113 elaboravi
1394 1083 1683 1129 cognoscere,

227 1163 320 1207 quo
354 1147 465 1192 artis
499 1146 685 1206 ingenio
721 1151 770 1190 et
804 1145 1011 1190 colorum
1047 1145 1245 1189 varietas
1280 1160 1396 1204 opus
1433 1145 1684 1198 decoraret,

227 1230 276 1270 et
300 1224 454 1269 lucem
478 1223 571 1268 diei
594 1223 794 1282 solisque
827 1223 978 1267 radios
1001 1236 1095 1266 non
1122 1221 1385 1281 repelleret.
1415 1277 1419 1281 ι
1456 1221 1581 1267 Huic
1605 1238 1686 1267 ex-

227 1301 390 1347 ercitio
414 1316 602 1361 operam
627 1301 739 1346 dans
755 1300 861 1345 vitri
884 1305 1099 1345 naturam
1123 1299 1478 1359 comprehendo,
1496 1300 1685 1360 ejusque

227 1377 368 1423 solius
398 1393 486 1423 usu
521 1384 571 1423 et
606 1378 833 1423 varietate
867 1377 915 1421 id
951 1375 1070 1421 effici
1105 1391 1238 1436 posse
1273 1377 1524 1430 considero,
1560 1378 1684 1437 quod

228 1455 489 1509 artificium,
529 1456 649 1501 sicut
689 1456 838 1501 visum
880 1459 930 1500 et
969 1454 1182 1499 auditum
1220 1453 1373 1507 didici,
1410 1454 1564 1499 studio
1601 1461 1684 1500 tuo

228 1532 448 1592 indagare
472 1533 641 1577 curavi.

645 1660 655 1680 ¹
677 1666 698 1682 ‘⁴
713 1661 846 1712 agiae‚''
871 1660 962 1698 Cod.
985 1660 1203 1712 Lipsiensis.

709 2146 917 2173 EXPLICIT
949 2146 1198 2175 PRAEFATIO.
