1970 3202
755 594 1248 660 ADDENDA.

339 797 401 825 DE
431 796 807 825 TEMPERAMENTO
840 794 965 823 M1N11
998 796 1053 823 ET
1084 795 1358 833 VERMIOULI,
1390 796 1446 823 ET
1477 796 1678 824 LAZURII.

270 901 372 1000 IN
403 901 631 942 vermiculo
663 905 812 956 quarta
849 913 945 955 pars
982 898 1098 939 minii
1129 899 1325 940 addenda
1361 905 1426 940 est
1456 899 1491 940 si
1530 899 1738 940 habeatur

360 983 539 1024 quorum
561 968 661 1008 inde
682 967 797 1008 color
819 967 872 1008 ad
894 966 1219 1007 illuminandum
1241 972 1283 1007 et
1302 967 1452 1008 clarior
1473 973 1515 1008 et
1535 967 1590 1007 ad
1612 980 1736 1022 regu-

267 1036 442 1077 landum
474 1035 648 1076 facilior.
710 1034 837 1082 Quod
858 1031 1003 1089 utiquc
1033 1033 1255 1089 diligenter
1283 1034 1426 1075 tritum
1448 1040 1489 1075 et
1517 1034 1559 1074 in
1581 1034 1738 1075 tenuis-

268 1103 422 1144 simum
453 1104 665 1158 pulverem
686 1102 917 1152 redactum,
949 1101 1128 1142 addatur
1147 1116 1295 1157 parum
1321 1116 1442 1158 aquae
1464 1107 1506 1145 et
1528 1116 1624 1142 cum
1646 1101 1739 1157 ipsa

269 1171 573 1227 aliquantulum
604 1171 799 1221 molatur,
830 1169 934 1211 etin
963 1182 1091 1210 cornu
1122 1170 1401 1225 recolligatur,
1432 1175 1529 1225 post
1548 1170 1739 1211 laventur

269 1238 431 1294 lapides
471 1237 584 1294 aqua
613 1253 707 1294 quae
736 1237 780 1278 in
810 1247 940 1278 cornu
971 1237 1160 1278 similiter
1189 1237 1437 1292 recipiatur;
1479 1237 1562 1278 hoc
1593 1242 1736 1278 autem

269 1311 467 1347 caveatur
486 1320 540 1347 ne
560 1305 683 1346 nimis
704 1320 824 1362 aquae
844 1304 1101 1356 infundatur,
1124 1305 1295 1361 quando
1317 1305 1482 1357 trititur‚
1515 1305 1628 1361 quod
1650 1319 1737 1346 non

269 1373 402 1430 possit
431 1387 527 1414 cum
557 1374 690 1414 multa
720 1373 826 1415 bene
858 1387 969 1429 aqua
999 1372 1114 1424 moli,
1156 1378 1229 1413 aut
1258 1372 1412 1428 colligi.
1494 1371 1735 1413 Collectum

270 1446 412 1483 autem
427 1441 470 1481 in
492 1455 622 1482 cornu
638 1455 735 1482 cum
757 1455 868 1497 aqua
884 1455 1015 1482 cornu
1034 1440 1179 1497 utique
1195 1440 1308 1496 aqua
1325 1440 1498 1496 repleto,
1516 1446 1737 1481 moveatur

270 1524 367 1551 cum
395 1509 511 1565 ligno
532 1514 575 1550 et
593 1514 742 1565 postea
773 1509 935 1551 tamdiu
965 1509 1123 1550 sinatur
1154 1509 1426 1565 requiescere,
1457 1509 1593 1550 donec
1615 1509 1734 1550 color

271 1582 487 1633 separetur
504 1577 558 1618 ab
580 1591 690 1633 aqua
706 1577 856 1632 jacens
876 1577 920 1617 in
941 1576 1074 1617 fundo
1096 1591 1241 1627 cornu,
1259 1583 1300 1618 et
1315 1583 1417 1618 tunc
1431 1577 1603 1618 demum
1625 1591 1735 1631 aqua

270 1643 420 1687 leniter
441 1645 643 1701 ejiciatur.
705 1644 832 1693 Quod
855 1659 951 1686 cum
975 1650 1065 1685 tota
1086 1645 1220 1701 ejecta
1240 1645 1377 1697 fuerit,
1409 1645 1583 1686 infunde
1604 1660 1734 1686 cornu

271 1714 429 1755 clarum
451 1713 532 1765 ovi,
555 1719 596 1755 et
617 1713 676 1755 sic
698 1713 850 1754 exinde
870 1712 1026 1769 poteris
1048 1712 1224 1768 operari.

331 1881 529 1923 Similiter
549 1881 787 1923 faciendum
808 1887 871 1923 est
891 1881 947 1922 de'
962 1881 1116 1932 lazuro,
1147 1887 1325 1937 excepto
1347 1882 1476 1938 quod,
1497 1882 1539 1923 in
1560 1882 1733 1924 distem-

273 1950 473 2006 perando‚
503 1950 626 1991 tertia
656 1964 753 2006 pars
784 1949 871 1990 vini
901 1964 997 1990 cum
1028 1950 1140 1991 claro
1171 1949 1404 2001 adhibebis,
1435 1950 1551 2006 quod
1581 1951 1733 1992 exinde

273 2020 389 2060 color
418 2019 598 2074 pulcrior
619 2025 660 2060 et
681 2018 829 2060 clarior
857 2019 947 2059 erit.
1009 2018 1144 2059 Lazur
1163 2019 1386 2059 lavandum
1410 2025 1474 2059 est
1503 2018 1615 2074 aqua
1635 2025 1734 2074 post

272 2087 419 2129 decem
441 2087 544 2138 dies,
576 2093 746 2142 propter
778 2086 971 2128 foetorem
1002 2101 1140 2138 suum,
1172 2086 1446 2127 vermiculum
1474 2093 1614 2127 autem
1635 2093 1733 2142 post

273 2145 462 2197 mensem
492 2156 656 2197 duabus
686 2155 863 2205 vicibus,
893 2154 958 2195 vel
988 2154 1143 2205 tribus3
1175 2154 1255 2195 hoc
1287 2159 1426 2196 autem
1457 2159 1655 2197 caveatur
1678 2169 1731 2196 ne

272 2223 430 2264 clarum
451 2223 494 2264 in
514 2223 656 2264 lazuro
677 2222 836 2264 diutius
857 2227 1052 2263 moretur.

332 2401 499 2443 Eodem
519 2401 647 2442 modo
668 2401 909 2442 molendum
930 2406 994 2441 est
1013 2400 1142 2441 viride
1163 2400 1216 2441 de
1237 2398 1403 2442 Grecia.
1464 2399 1578 2441 Nam
1597 2400 1728 2442 viride

273 2474 466 2511 terrestre
483 2469 724 2510 molendum
739 2473 803 2509 est
818 2467 945 2524 aqua,
960 2473 1000 2509 et
1014 2474 1160 2523 postea
1176 2468 1215 2508 in
1232 2482 1282 2509 eo
1303 2467 1471 2523 ponitur
1486 2468 1636 2520 clarea,
1653 2469 1727 2510 sed

273 2537 571 2578 tantummodo
597 2551 693 2577 cum
715 2536 826 2577 vino.
889 2535 1073 2584 Quidam
1104 2542 1243 2576 autem
1271 2535 1498 2576 infundunt
1521 2535 1664 2576 vinum
1684 2536 1727 2577 in

274 2619 374 2645 vase
396 2619 550 2660 cupreo
571 2610 613 2645 et
632 2604 811 2645 miscent
829 2604 958 2644 viride
980 2618 1075 2645 cum
1095 2604 1207 2654 vino,
1228 2603 1379 2644 deinde
1399 2610 1605 2659 reponunt
1624 2604 1725 2646 illud

271 2672 316 2713 in
333 2673 431 2713 loco
461 2672 765 2729 aliquantulum
795 2671 984 2724 humido,
1015 2676 1111 2713 octo
1142 2672 1303 2723 diebus,
1334 2677 1480 2726 postea
1510 2678 1728 2727 exponunt

271 2739 374 2780 illud
414 2740 468 2780 ad
508 2741 691 2781 calorem
726 2740 826 2781 solis
864 2754 998 2796 usque
1036 2739 1089 2780 ad
1125 2739 1331 2780 decimam
1371 2739 1516 2780 horam
1554 2740 1648 2792 diei,
1684 2746 1726 2781 et

272 2807 423 2848 iterum
454 2807 626 2849 mittunt
645 2808 687 2849 in
717 2809 857 2849 locum
888 2822 1009 2848 suum
1031 2807 1085 2848 ad
1111 2810 1277 2858 terram,
1298 2812 1341 2847 et
1380 2807 1440 2848 sic
1474 2808 1643 2850 cottidie
1664 2807 1724 2849 fa-

274 2875 401 2927 ciunt,
410 2876 544 2918 donec
557 2877 610 2918 ad
625 2876 937 2932 spissitudinem
952 2876 1167 2932 perveniat
1181 2882 1229 2917 ut
1240 2875 1335 2916 inde
1352 2875 1529 2918 scribere
1543 2877 1722 2927 valeant,
