1970 3202
324 262 409 304 402
787 277 1044 306 TnEoPmm
1076 276 1215 305 mmm
1246 277 1317 306 111.

324 376 424 418 illud
450 377 505 418 ab
531 377 627 433 igne
659 378 844 419 extrahe.
906 378 964 419 Et
992 378 1027 419 si
1053 392 1106 418 ex
1134 377 1283 419 eodem
1310 376 1520 418 scultellas
1551 380 1639 416 arte
1663 374 1780 431 figuli

326 445 514 487 studiose
535 445 682 497 factas,
705 445 767 486 vis
787 445 1027 501 depingere,
1058 445 1159 486 illud
1180 446 1234 486 ad
1256 459 1378 485 usum
1406 441 1575 485 contere
1594 443 1781 499 picturae,

329 518 371 553 et
399 518 441 553 te
461 519 576 553 verte
616 513 670 553 ad
701 513 810 553 hanc
850 519 982 554 artem
1013 527 1107 568 quae
1135 513 1180 553 in
1209 513 1344 568 primo
1383 511 1488 552 libro
1520 510 1675 566 scripta
1704 515 1782 551 est.

330 579 436 621 Haec
455 580 568 621 enim
589 580 648 622 ita
668 595 714 621 se
733 580 874 622 habet.
935 585 959 603 ‘⁴
979 580 1047 621 Ex
1069 580 1174 622 vitro
1196 581 1231 621 si
1251 580 1344 637 quis
1365 578 1593 634 depingere
1612 577 1783 618 vascula

331 646 521 704 quaerit.'’

763 824 1071 888 CAPUT
1149 825 1375 888 CVII.
1421 841 1431 860 ¹

766 959 826 985 DE
857 959 1136 987 SCULPENDIS
1165 959 1354 987 GEMMIS.

618 1044 684 1085 UI
707 1044 822 1100 cupit
842 1045 1034 1101 egregios
1054 1045 1215 1101 lapides
1235 1045 1461 1100 irrumpere
1482 1044 1604 1095 ferro,

658 1112 778 1161 Quos
799 1113 1036 1154 dilexerunt
1056 1128 1175 1169 reges
1195 1113 1371 1154 nimium
1392 1126 1516 1168 super
1536 1125 1683 1152 aurum

511 1181 640 1222 Urbis
662 1180 869 1221 Romanae
889 1181 960 1237 qui
981 1182 1115 1222 celsas
1129 1182 1222 1236 jam
1242 1187 1412 1222 tenuere

509 1248 647 1300 Artes,
668 1248 881 1304 ingenium
902 1249 1015 1304 quod
1037 1263 1117 1304 ego
1138 1248 1216 1289 sub
1238 1253 1377 1288 mente
1399 1246 1606 1302 profunda

512 1316 675 1367 Inveni,
697 1316 890 1372 accipiat,
911 1330 1036 1372 quem
1057 1316 1179 1358 valde
1200 1322 1264 1357 est
1283 1315 1533 1371 preciosum.

511 1384 690 1425 Urinam
710 1383 813 1424 mihi
834 1384 1006 1440 quaesivi
1025 1385 1261 1440 pariterque
1281 1397 1469 1424 cruorem

511 1452 580 1493 Ex
600 1452 731 1508 hyrco
751 1452 924 1508 ingenti,
945 1452 1111 1494 modico
1131 1452 1209 1493 sub
1229 1457 1418 1508 tempore
1437 1456 1604 1506 pastum

513 1519 695 1571 Hedera,
717 1534 801 1576 quo
823 1520 950 1571 facto,
971 1520 1175 1561 calefacto
1196 1519 1399 1575 sanguine
1419 1532 1610 1574 gemmas

515 1586 667 1638 Incidi,
687 1586 815 1627 veluti
835 1587 1084 1628 monstravit
1104 1587 1267 1627 Plinius
1288 1591 1446 1637 auctor,

514 1654 638 1695 Artes
660 1654 731 1710 qui
752 1653 929 1709 scripsit,
951 1669 1055 1710 quas
1077 1654 1414 1710 plebs'Romana
1434 1653 1640 1710 probavit,

514 1720 654 1776 Atque
676 1720 798 1761 simul
819 1721 1007 1776 lapidum
1028 1721 1201 1763 virtutes
1222 1722 1386 1778 scripsit
1404 1722 1602 1772 honeste;

516 1787 710 1836 Quorum
730 1788 803 1844 qui
823 1790 959 1830 noscit
976 1790 1097 1842 vires,
1119 1791 1214 1846 plus
1235 1791 1370 1847 diligit
1389 1790 1506 1842 illos3

515 1855 628 1897 Nam
648 1856 772 1911 primi
792 1871 912 1913 reges
932 1858 1079 1899 urbem
1100 1859 1171 1914 qui
1185 1859 1277 1914 jam
1297 1863 1534 1909 tenuerunt,

518 1923 710 1965 Gemmis
731 1931 932 1966 ornarunt
951 1932 1088 1967 vestes
1109 1941 1209 1968 auro
1230 1926 1470 1978 renitentes,

519 1991 587 2032 Ex
609 1991 760 2047 quibus
781 1992 955 2048 insignis
974 1993 1132 2049 primus
1152 1994 1230 2035 fuit
1250 1994 1512 2035 Aurelianus.

520 2058 606 2107 Qui
625 2059 814 2115 proprias
834 2067 972 2102 vestes
993 2062 1170 2117 gemmis
1191 2062 1380 2103 contexit
1399 2067 1441 2103 et
1459 2076 1573 2103 auro.

749 2292 1055 2359 CAPUT
1137 2297 1414 2361 CVIII.
1462 2297 1478 2317 ²

807 2431 869 2458 DE
899 2432 1129 2461 PRECIOSIS
1159 2434 1350 2462 GEMMIS.

349 2520 749 2623 PREGIOSAS
779 2538 969 2579 gemmas
999 2524 1034 2565 si
1064 2524 1214 2580 quaeris
1243 2524 1402 2566 lucidas
1426 2519 1564 2565 facere
1587 2523 1730 2580 accipe
1750 2538 1801 2566 ea

470 2604 565 2646 quae
584 2595 683 2631 sunt
699 2590 767 2632 hic
788 2591 957 2647 scripta.
1020 2591 1194 2633 Petram
1221 2606 1499 2633 marmoream
1518 2592 1641 2634 valde
1659 2605 1802 2648 aequa-

347 2656 431 2698 lem
459 2657 537 2698 tibi
566 2658 723 2713 aquire,
753 2657 965 2716 facitoque
997 2659 1077 2701 hoc
1114 2660 1229 2716 quod
1258 2659 1371 2701 utilis
1401 2674 1468 2701 ars
1497 2659 1575 2701 tibi
1604 2659 1800 2700 ostendit.

350 2723 577 2765 Geminam
597 2725 801 2781 aequalem
822 2741 947 2782 super
966 2727 1076 2769 hanc
1096 2733 1258 2783 petram
1273 2727 1367 2768 laevi
1382 2727 1541 2769 extrica
1560 2741 1701 2778 manu,
1722 2727 1802 2768 sic—

350 2805 434 2847 que
463 2791 763 2834 obscuritatem
793 2794 876 2836 cito
901 2795 1060 2850 perdet,
1091 2801 1134 2836 et
1153 2795 1324 2851 recipiet
1343 2795 1578 2851 preciosum
1608 2794 1798 2836 nitorem.

608 2891 617 2910 ¹
643 2892 811 2924 “Brachi''
825 2905 894 2935 cap.
910 2901 958 2927 est.
1416 2898 1430 2916 ²
1450 2896 1540 2926 idem.
1586 2931 1589 2933 ,
