1970 3202
290 292 373 332 400
753 305 1004 334 THEOPHILI
1036 304 1174 333 LIBER
1204 307 1273 334 111.

285 411 443 459 petram
476 420 750 446 marmoream
783 406 922 462 redegi
952 406 993 446 in
1025 407 1255 461 pulverem,
1290 411 1415 462 atque
1446 404 1653 460 sulphuris
1684 418 1733 445 ac

285 473 401 527 cupri
416 473 626 528 pulverem
647 474 765 515 valde
782 473 921 514 tritum
944 473 1210 525 commiscui3
1244 473 1355 515 facta
1376 479 1514 514 autem
1531 472 1603 513 tali
1619 486 1735 513 com-

285 540 499 592 mixtione,
513 542 627 582 illam
643 556 747 596 puro
768 541 926 597 gummi
946 542 1105 597 liquore
1121 541 1362 596 temperavi,
1383 546 1424 581 et
1445 554 1567 595 super
1582 544 1733 580 testam

285 622 338 649 ex
377 608 457 649 hac
497 623 624 650 causa
664 609 867 664 probandi
901 609 1078 664 pincello
1112 609 1231 660 traxi,
1273 615 1398 665 atque
1438 609 1482 648 in
1518 607 1734 648 fornacem

285 676 463 716 eandem
493 677 625 731 posui.
686 678 765 717 Ast
784 677 855 717 ubi
877 677 967 718 rufa
988 677 1077 729 fuit,
1107 677 1221 718 illam
1242 692 1267 717 a
1288 677 1458 717 fornace
1487 675 1664 726 extraxi,
1695 680 1737 715 et

285 745 528 786 commixtio
567 759 693 801 quam
724 760 847 800 super
884 750 1035 786 testam
1072 745 1187 800 pinxi
1216 746 1260 786 in
1290 745 1418 786 viride
1455 745 1607 785 vitrum
1637 757 1737 784 con-

288 825 407 852 versa
428 818 503 853 est.

754 1072 1066 1135 CAPUT
1146 1065 1324 1134 CVR

721 1233 781 1260 DE
812 1232 1009 1261 PICTURA
1040 1232 1133 1260 CUM
1165 1232 1316 1260 VITRO.

290 1339 598 1439 VITRUM
623 1340 735 1396 quod
762 1340 936 1381 nimium
964 1340 1069 1381 viret
1089 1339 1123 1380 si
1144 1340 1292 1396 quaeris
1318 1340 1371 1380 ad
1402 1339 1601 1395 pingendi
1621 1354 1743 1380 usum

426 1409 498 1449 tibi
530 1408 678 1458 facere,
719 1408 860 1463 accipe
891 1407 1005 1463 cupri
1036 1408 1283 1463 rubiginem,
1314 1408 1497 1464 itemque
1528 1408 1744 1463 pulverem

287 1475 369 1517 arsi
390 1476 520 1531 cupri,
550 1490 599 1517 ac
618 1476 683 1517 fac
711 1477 791 1517 hoc
813 1476 926 1532 quod
960 1475 1070 1516 utilis
1092 1490 1158 1516 ars
1187 1475 1262 1515 tibi
1284 1475 1448 1531 quaerit.
1509 1475 1746 1531 Diligenter

288 1543 522 1600 rubiginem
544 1550 586 1584 et
602 1545 813 1600 pulverem
835 1544 949 1598 cupri
970 1558 1064 1584 cum
1090 1543 1192 1584 vitro
1222 1544 1332 1584 claro
1353 1550 1451 1594 tere,
1481 1550 1522 1583 et
1544 1543 1654 1584 facta
1674 1542 1747 1584 tali

288 1612 599 1663 commixtione,
636 1626 762 1652 causa
793 1611 996 1666 probandi
1028 1626 1079 1652 ex
1110 1625 1159 1651 ea
1191 1626 1314 1666 super
1354 1616 1506 1651 testam
1539 1611 1666 1666 pinge
1696 1625 1746 1651 ac

288 1679 438 1720 deinde
470 1679 514 1719 in
547 1680 758 1720 fornacem
795 1679 920 1721 valde
953 1679 1168 1720 incensam
1204 1679 1319 1719 illam
1356 1693 1477 1733 pone.
1558 1679 1638 1720 Ast
1674 1679 1747 1720 ubi

287 1747 451 1802 pictura
471 1746 599 1788 nimio
620 1747 759 1788 lucida
780 1754 844 1788 est
865 1762 988 1803 super
1020 1747 1196 1788 eandem
1226 1753 1377 1788 testam
1398 1746 1511 1788 illam
1532 1761 1557 1788 a
1577 1747 1748 1788 fornace

289 1815 448 1870 recipe:
491 1820 539 1855 ut
565 1821 706 1855 autem
749 1815 900 1871 frigida
942 1816 1029 1867 erit,
1076 1816 1259 1857 colorem
1290 1815 1525 1871 preciosum
1550 1815 1593 1855 in
1622 1829 1665 1855 se
1687 1829 1749 1855 re-

289 1883 424 1938 cipiet.
498 1882 592 1923 Hoc
623 1882 716 1923 ideo
748 1882 874 1924 frater
899 1883 972 1924 tibi
1002 1883 1112 1934 dico,
1143 1883 1240 1939 quia
1271 1882 1473 1939 quamdiu
1503 1889 1566 1924 est
1597 1883 1748 1923 vitrum

289 1951 425 1992 calore
447 1950 658 2005 perfusum
682 1965 766 1991 non
789 1951 1002 2006 proprium
1022 1951 1100 1992 sibi
1121 1951 1237 1992 dedit
1257 1952 1451 1993 colorem.

744 2269 1048 2331 CAPUT
1129 2267 1374 2332 CVL²

823 2428 882 2454 DE
914 2428 1033 2455 ALBO
1064 2428 1217 2455 VITRO.

297 2531 583 2631 ALBUM
617 2535 768 2575 vitrum
799 2535 831 2576 si
855 2535 1006 2590 quaeris
1033 2534 1109 2575 tibi
1137 2534 1273 2575 facere
1302 2534 1355 2574 ad
1383 2533 1583 2589 pingendi
1613 2547 1748 2586 usum,

436 2603 662 2645 candidum
685 2603 860 2658 sulphur
879 2617 976 2643 cum
998 2602 1104 2643 vitro
1127 2602 1238 2642 claro
1260 2601 1477 2657 diligenter
1497 2608 1596 2643 tere.
1639 2601 1749 2643 Cum

291 2681 431 2714 autem
457 2672 499 2712 in
521 2672 731 2727 pulverem
766 2672 983 2712 redactum
1004 2670 1128 2711 fuerit
1148 2685 1242 2711 cum
1265 2669 1475 2725 sulphure,
1504 2669 1603 2710 illud
1626 2685 1751 2725 super

290 2742 469 2798 spissam
511 2746 662 2780 testam
710 2753 833 2794 pone,
884 2753 934 2779 ac
982 2738 1132 2779 deinde
1178 2736 1220 2777 in
1261 2737 1472 2778 fornacem
1519 2738 1640 2779 valde
1685 2737 1749 2777 in-

291 2824 461 2851 censam
484 2822 606 2863 pone.
672 2807 732 2847 Ut
772 2813 911 2847 autem
941 2806 984 2846 in
1019 2806 1154 2846 calore
1184 2805 1291 2860 ignis
1321 2805 1651 2860 conglutinatum
1683 2810 1747 2846 est

552 2918 559 2936 ¹
585 2921 606 2935 “
621 2918 757 2949 Eraclii”
784 2920 907 2951 videtur
921 2930 986 2950 esse.
1369 2917 1381 2934 ¹
1402 2918 1492 2949 idem.
