1970 3202
306 217 388 257 278
771 232 1025 259 THEOPHILI
1057 233 1195 260 LIBER
1224 233 1295 260 111.

304 328 493 370 foramen
520 329 563 369 in
592 330 729 372 medio
760 337 959 386 appareat
979 346 1052 387 per
1076 333 1190 388 quod
1211 332 1344 387 possit
1371 333 1543 384 sufflari,
1568 340 1615 374 ut
1642 335 1757 376 calor

306 396 494 451 superius
516 402 558 437 et
576 397 746 439 inferius
773 399 943 454 aequalis
970 400 1034 440 sit.
1096 399 1291 455 Cumque
1311 400 1463 440 videris
1485 400 1759 441 solidaturam

306 463 607 516 circumfluere,
635 471 677 506 et
697 466 816 521 quasi
836 467 957 508 tertio
986 467 1200 517 inundare,
1226 481 1402 522 asperge
1431 467 1646 518 diligenter
1665 482 1759 508 mo-

308 530 405 572 dica
436 531 559 587 aqua,
593 538 635 573 et
667 534 819 575 eiciens
849 536 942 575 lava
972 541 1014 575 et
1044 535 1167 586 sicca,
1203 550 1449 591 rursumque
1475 535 1600 575 simili
1632 535 1759 576 modo

309 598 458 650 solida,
475 605 518 640 et
537 600 698 641 tamdiu
718 601 853 643 donec
869 602 1104 644 firmissime
1131 602 1352 643 adhaereat.
1415 602 1760 659 Conversumque

307 680 382 706 vas
417 666 459 706 in
486 666 659 707 alteram
691 674 868 723 partem,
901 684 1044 724 parem
1074 670 1301 711 auriculam
1325 670 1475 711 eodem
1504 670 1632 711 modo
1661 684 1761 711 con-

301 732 436 789 junge
457 739 499 774 et
519 734 667 776 solida.

738 1083 1042 1147 CAPUT
1117 1086 1300 1148 LIV.

884 1240 945 1267 DE
976 1239 1191 1268 ELECTRO.

420 1350 504 1392 UO
526 1351 639 1392 facto
660 1350 761 1391 tolle
791 1355 952 1405 partem
977 1350 1066 1390 auri
1091 1355 1259 1391 tenuem
1281 1355 1323 1392 et
1342 1352 1552 1408 conjunge
1571 1350 1626 1392 ad
1648 1364 1764 1391 oram

448 1418 559 1459 vasis
581 1417 850 1473 superiorem,
867 1423 995 1474 atque
1011 1418 1155 1459 metire
1176 1418 1230 1459 ab
1250 1433 1334 1459 una
1355 1420 1538 1460 auricula
1558 1432 1692 1474 usque
1711 1417 1766 1458 ad

311 1488 487 1528 alteram
508 1502 519 1538 3
566 1499 659 1541 quae
698 1484 809 1540 pars¹
851 1484 1080 1526 latitudinis
1121 1485 1187 1537 sit,
1227 1491 1386 1541 quanta
1425 1492 1489 1527 est
1528 1485 1766 1541 grossitudo

308 1555 510 1611 lapidum,
544 1568 651 1610 quos
686 1553 900 1608 imponere
935 1554 1139 1606 volueris3
1181 1559 1223 1595 et
1257 1555 1468 1595 collocans
1503 1569 1577 1595 eos
1611 1554 1655 1594 in
1689 1568 1766 1594 suo

311 1623 471 1674 ordine,
493 1622 552 1663 sic
577 1621 780 1676 dispone;
811 1621 855 1661 in
875 1621 1019 1676 primis
1052 1627 1133 1662 stet
1163 1636 1273 1662 unus
1306 1622 1412 1677 lapis
1444 1627 1624 1677 quatuor
1654 1635 1766 1662 mar-

311 1690 455 1747 garitis
487 1689 531 1729 in
562 1688 726 1744 angulis
756 1688 918 1743 positis,
940 1688 1091 1730 deinde
1124 1690 1338 1740 electrum,
1364 1690 1490 1744 juxta
1519 1688 1633 1745 quod
1661 1688 1767 1743 lapis

310 1773 405 1800 cum
426 1755 675 1812 margaritis,
692 1770 938 1811 rursumque
953 1756 1167 1807 electrum,
1184 1756 1328 1812 sicque
1347 1756 1561 1797 ordinabis
1580 1761 1628 1796 ut
1642 1756 1767 1811 juxta

312 1825 520 1866 auriculas
541 1838 706 1879 semper
724 1823 885 1878 lapides
902 1829 1025 1874 stent,
1039 1838 1216 1879 quorum
1232 1823 1508 1864 domunculas
1524 1828 1566 1863 et
1581 1837 1766 1878 campos,

313 1906 467 1948 easque
491 1891 781 1942 domunculas,
800 1891 844 1932 in
873 1885 1025 1947 quibus
1055 1891 1252 1932 electrum
1282 1890 1524 1946 ponendum
1554 1895 1631 1941 est,
1651 1905 1767 1931 com-

312 1974 445 2016 pones
465 1965 508 2001 et
529 1958 727 2000 solidabis
749 1959 893 1999 ordine
913 1973 997 2014 quo
1019 1973 1157 2014 supra.
1220 1958 1278 1998 Et
1303 1958 1347 1998 in
1372 1958 1500 1998 altera
1520 1963 1637 2012 parte
1658 1958 1767 1999 vasis

313 2027 498 2068 similiter
518 2025 658 2067 facies.
721 2024 765 2065 Si
787 2040 885 2066 vero
906 2026 1086 2067 volueris
1113 2025 1156 2066 in
1183 2025 1320 2066 medio
1341 2025 1495 2066 ventris
1515 2039 1705 2081 gemmas
1726 2030 1769 2066 et

313 2094 560 2149 margaritas
581 2107 749 2148 ponere,
766 2093 915 2134 eodem
938 2093 1066 2134 modo
1087 2093 1226 2134 facies.
1287 2091 1386 2140 Quo
1403 2091 1515 2133 facto
1536 2092 1767 2147 conjunges

313 2175 384 2201 eas
405 2166 448 2201 et
469 2160 667 2202 solidabis
689 2160 796 2201 sicut
815 2161 1036 2202 auriculas.
1087 2160 1195 2201 Post
1213 2160 1304 2200 haec
1318 2160 1362 2200 in
1378 2159 1572 2200 omnibus
1589 2159 1767 2200 domun-

314 2228 431 2279 culis,
471 2228 515 2268 in
551 2228 702 2283 quibus
737 2229 891 2269 electra
930 2228 1127 2283 ponenda
1165 2234 1276 2278 sunt,
1317 2226 1534 2281 coaptabis
1581 2226 1767 2282 singulas

315 2301 454 2350 partes
475 2295 563 2336 auri
583 2301 742 2346 tenues,
764 2290 1094 2351 conjunctasque
1115 2294 1334 2350 diligenter
1357 2294 1493 2346 eicies,
1514 2299 1640 2350 atque
1669 2308 1766 2335 cum

315 2377 511 2404 mensura
531 2368 573 2403 et
592 2363 734 2418 regula
754 2362 913 2403 incides
934 2362 1200 2417 corrigiolam
1220 2362 1309 2402 auri
1328 2361 1444 2417 quod
1464 2361 1767 2416 aliquantulum

316 2430 370 2470 sit
401 2430 586 2486 spissius,
622 2435 664 2470 et
698 2429 969 2484 complicabis
1005 2443 1076 2470 eas
1112 2429 1222 2469 circa
1256 2442 1373 2469 oram
1408 2428 1530 2469 unius
1564 2429 1767 2485 cujusque

315 2498 444 2553 partis
484 2498 715 2553 dupliciter,
754 2498 814 2537 ita
852 2502 899 2537 ut
942 2496 1049 2536 inter
1091 2496 1204 2551 ipsas
1249 2495 1573 2550 corrigiunculas
1617 2497 1768 2538 subtile

316 2565 498 2620 spatium
529 2565 583 2606 sit
611 2565 656 2605 in
686 2564 871 2615 circuitu,
892 2564 1004 2619 quod
1033 2563 1215 2618 spatium
1236 2568 1408 2603 vocatur
1433 2563 1587 2604 limbus
1615 2564 1766 2605 electri.

319 2631 486 2673 Deinde
515 2632 664 2673 eadem
693 2629 889 2672 mensura
915 2635 1041 2686 atque
1067 2629 1212 2685 regula
1239 2630 1395 2671 incides
1417 2631 1657 2686 corrigiolas
1677 2647 1768 2673 om-

316 2698 416 2739 nino
437 2699 692 2740 subtilissimi
714 2698 817 2749 auri,
839 2697 881 2737 in
902 2697 1053 2753 quibus
1081 2697 1221 2738 subtili
1245 2697 1401 2753 forcipe
1429 2699 1698 2754 complicabis
1727 2705 1769 2740 et

747 2831 755 2848 ¹
782 2831 934 2871 “tantae‚”
948 2833 985 2863 in
1002 2833 1077 2863 cod.
1096 2834 1225 2874 Gualpk.
