1970 3202
215 269 300 310 380
684 284 931 312 τΗΕοΡΗιιι
964 285 1099 314 LIBER
1131 286 1201 314 111.

666 608 970 672 CAPUT
1050 609 1234 670 XCI.

667 792 726 818 DE
757 780 1046 819 somnATURA
1078 790 1226 817 remu.

222 910 482 1009 FIUNT
490 911 614 951 etiam
646 925 698 952 ex
729 911 838 953 ferro
860 911 999 952 circuli
1029 917 1176 952 tenues
1197 911 1268 967 qui
1290 916 1500 966 ponuntur
1519 911 1563 952 in
1583 926 1673 952 ma-

348 978 507 1020 nubriis
538 979 881 1021 ferramentorum
914 980 986 1036 qui
1016 994 1102 1020 non
1132 984 1308 1035 possunt
1334 993 1407 1034 per
1427 993 1472 1020 se
1493 979 1674 1030 solidari,

219 1048 371 1104 quibus
401 1047 444 1087 in
469 1047 669 1102 junctura
697 1047 1036 1088 circumvolvitur
1066 1061 1238 1103 cuprum
1269 1052 1410 1098 tenue,
1439 1052 1566 1103 atque
1597 1047 1675 1087 cir-

219 1115 487 1170 cumponitur
521 1115 733 1157 modicum
772 1116 942 1171 argillae.
1004 1113 1103 1164 Qua
1137 1113 1304 1166 siccata,
1337 1129 1432 1155 cum
1464 1119 1563 1155 ante
1592 1114 1676 1155 for-

218 1196 367 1223 nacem
401 1182 479 1223 sub
517 1183 774 1224 carbonibus
810 1184 952 1224 sufflat
987 1183 1222 1233 canduerit,
1259 1197 1358 1223 mox
1394 1182 1671 1238 liquefactum

219 1264 393 1305 cuprum
419 1250 669 1291 circumfluit
695 1256 737 1291 et
761 1251 926 1292 solidat.
988 1250 1084 1292 Hoc
1105 1250 1233 1291 modo
1254 1250 1380 1291 etiam
1401 1250 1540 1291 claves
1560 1254 1677 1305 stag-

219 1323 343 1369 natae,
365 1317 399 1359 si
420 1317 680 1374 franguntur,
711 1324 753 1359 et
782 1318 862 1359 alia
887 1318 1084 1374 quaelibet
1104 1318 1147 1358 in
1168 1318 1277 1359 ferro
1298 1317 1466 1359 solidari
1486 1322 1676 1373 possunt.

222 1384 347 1434 Quod
379 1386 415 1427 si
437 1386 497 1427 vis
528 1400 640 1427 seras
670 1400 923 1442 componere
953 1386 1105 1442 quibus
1136 1386 1328 1427 manticae
1359 1391 1560 1436 serantur,
1583 1399 1678 1441 per-

220 1459 315 1495 cute
345 1454 500 1496 ferrum
530 1459 654 1495 tenue
684 1460 726 1495 et
756 1453 1006 1511 circalaliud
1038 1453 1192 1494 sermm
1214 1454 1439 1495 rotundum
1460 1453 1679 1509 complica,

221 1527 348 1578 atque
375 1522 584 1578 conjunge
614 1522 652 1563 ei
676 1521 853 1562 fundum
884 1521 1072 1577 superius
1103 1527 1145 1562 et
1167 1521 1352 1562 inferius.
1414 1521 1580 1562 Deinde
1601 1521 1679 1562 cir-

215 1595 430 1644 cumpone
451 1588 488 1629 ei
519 1589 763 1644 corrigiolos
794 1603 846 1629 ex
877 1589 1023 1630 eodem
1055 1578 1164 1630 ferro
1195 1594 1237 1630 et
1262 1589 1369 1630 inter
1388 1604 1461 1630 eos
1481 1589 1680 1630 flosculos

221 1656 309 1697 sive
341 1652 516 1697 circulos
556 1657 735 1712 qualiter
766 1657 961 1708 volueris,
997 1657 1058 1698 sic
1097 1663 1239 1698 tamen
1279 1662 1325 1697 ut
1358 1671 1442 1698 una
1477 1657 1679 1712 particula

222 1738 387 1779 semper
425 1724 667 1780 inpingatur
716 1725 833 1766 alteri
883 1730 931 1765 ut
975 1724 1202 1776 adhaereat,
1247 1739 1299 1765 ne
1344 1725 1494 1766 cadere
1533 1725 1679 1780 possit.

223 1790 465 1832 Commisce
499 1806 668 1848 quoque
702 1792 808 1834 duos
845 1798 984 1847 partes
1019 1793 1135 1848 cupri
1172 1798 1215 1833 et
1249 1793 1414 1834 tertiam
1451 1793 1604 1849 stagni,
1640 1799 1682 1834 et

223 1859 460 1900 comminue
493 1859 594 1909 illud
629 1860 782 1901 malleo
810 1860 853 1900 in
880 1860 1050 1901 vasculo
1084 1860 1216 1901 ferreo
1251 1860 1466 1911 subtiliter,
1509 1861 1682 1902 combu-

224 1940 402 1982 rensque
422 1927 629 1968 viniceum
651 1927 847 1982 lapidem,
878 1928 988 1969 adde
1008 1928 1045 1969 ei
1067 1928 1280 1969 modicum
1301 1928 1398 1969 salis
1419 1934 1545 1985 atque
1566 1943 1682 1969 com-

224 1995 354 2036 misce
384 1994 510 2051 aqua,
546 2000 588 2035 et
616 1994 764 2036 liniens
794 1995 837 2035 in
868 1995 1043 2036 circuitu
1084 1995 1395 2052 circumsparge
1424 1996 1563 2052 ipsum
1592 1996 1683 2052 pul-

224 2077 376 2104 verem.
438 2061 536 2110 Quo
564 2062 736 2114 siccato,
767 2077 928 2104 rursum
956 2063 1198 2119 superlinies
1231 2064 1539 2111 confectionem
1567 2064 1682 2105 illam

224 2131 411 2187 spissius,
442 2130 730 2186 inponensque
750 2130 894 2187 prunis
915 2145 965 2172 ac
986 2130 1207 2186 diligenter
1227 2130 1546 2186 circumtegens,
1577 2131 1684 2171 sicut

226 2204 450 2254 argentum
480 2198 682 2253 superius,
716 2198 865 2240 eodem
897 2199 1025 2240 modo
1055 2198 1279 2250 solidabis;
1311 2198 1684 2254 refrigeratamque

225 2280 299 2322 per
319 2280 365 2307 se
384 2265 556 2306 lavabis.
618 2265 716 2307 Hoc
737 2266 864 2307 modo
885 2266 1083 2322 quicquid
1104 2266 1284 2307 volueris
1310 2266 1354 2306 in
1375 2266 1483 2307 ferro
1504 2266 1683 2307 solidare

225 2339 360 2390 potes,
390 2333 504 2389 quod
531 2338 674 2374 tamen
703 2334 818 2375 nullo
850 2334 978 2375 modo
1006 2333 1239 2375 deauratur.
1313 2333 1525 2390 Quicquid
1557 2347 1684 2389 super

226 2407 421 2457 stagnare
450 2401 629 2442 volueris
661 2401 704 2441 in
730 2400 851 2453 ferro,
881 2401 1061 2457 primum
1090 2402 1190 2443 lima
1215 2407 1257 2443 et
1283 2402 1525 2458 priusquam
1555 2415 1684 2442 manu

227 2475 392 2524 tangas,
428 2468 591 2510 noviter
621 2469 811 2510 limatum
851 2469 895 2509 in
931 2469 1129 2524 patellam
1165 2470 1303 2525 stagni
1338 2469 1551 2526 liquefacti
1586 2484 1682 2510 cum

227 2537 350 2592 adipe
371 2536 539 2592 projiee,
570 2541 612 2578 et
635 2550 733 2578 cum
752 2536 910 2592 forcipe
930 2550 1163 2589 commove,
1185 2537 1319 2579 donec
1346 2538 1573 2579 candidum
1594 2538 1684 2589 fiat,

228 2606 508 2661 eductumque
528 2604 690 2645 fortiter
716 2609 880 2657 excute,
910 2609 1037 2661 atque
1056 2620 1153 2646 cum
1175 2605 1330 2647 furfure
1351 2611 1393 2647 et
1411 2605 1521 2647 lineo
1541 2620 1683 2662 panno

227 2687 374 2729 purga.
435 2673 558 2714 Seras
586 2672 741 2714 ferreas
771 2678 900 2729 atque
919 2673 1120 2729 ligaturas
1150 2673 1395 2714 scriniorum
1416 2679 1458 2715 et
1483 2673 1683 2725 ostiorum

228 2753 326 2781 cum
355 2739 513 2792 feceris,
544 2740 599 2782 ad
629 2740 824 2782 ultimum
853 2740 1072 2782 calefacies
1101 2746 1144 2782 et
1168 2741 1259 2797 pice
1289 2740 1420 2793 linies,
1452 2741 1558 2782 clavi
1584 2755 1683 2782 vero

229 2809 413 2864 stagnati
448 2808 543 2850 sint.
625 2807 735 2849 Cum
769 2807 916 2849 feceris
951 2807 1142 2860 calcaria,
1163 2808 1302 2850 frenos
1338 2813 1380 2849 et
1410 2807 1684 2849 instrumenta

231 2875 341 2917 sellae
372 2875 589 2917 humilium
621 2875 865 2918 elericorum
901 2882 943 2918 et
973 2875 1289 2928 monachorum,
1321 2881 1362 2917 et
1393 2891 1442 2916 ea
1472 2874 1684 2931 aequaliter
