1970 3202
263 267 348 310 382
735 279 986 308 THEOPmLI
1018 279 1157 307 mmm
1187 280 1257 308 111.

263 380 483 432 limaveris,
513 380 671 422 calefac
700 379 963 421 mediocriter
992 384 1035 420 et
1064 379 1167 421 frica
1197 393 1319 435 super
1348 392 1396 420 ea
1422 392 1551 419 cornu
1580 378 1716 430 bovis,

263 448 349 489 sive
379 462 538 504 pennas
568 447 741 499 anseris,
778 462 871 504 quae
901 461 997 489 cum
1028 461 1054 489 a
1084 447 1220 489 'calore
1250 445 1463 488 modicum
1492 445 1718 502 liquefacta

262 515 370 557 ferro
391 515 653 566 adhaeserint,
680 515 847 572 nigrum
868 516 1051 556 colorem
1072 520 1114 556 et
1134 514 1248 570 quod
1269 528 1294 554 a
1314 513 1442 554 modo
1463 512 1501 553 ei
1521 512 1717 554 conveni-

261 588 400 624 entem
422 583 636 638 praebebit.

670 1035 974 1099 CAPUT
1055 1037 1285 1099 XCII.

730 1193 790 1220 DE
821 1193 1087 1222 SCULPTURA
1118 1195 1251 1223 OSSIS.

259 1302 700 1406 SCULPTURUS
732 1318 794 1355 os,
822 1303 1003 1359 primum
1031 1304 1165 1346 forma
1190 1304 1376 1346 tabulam
1402 1305 1520 1362 cujus
1548 1306 1712 1362 magni-

365 1373 521 1415 tudinis
560 1371 753 1423 volueris,
793 1378 834 1412 et
866 1386 1151 1427 superponens
1184 1378 1356 1425 cretam,
1393 1373 1586 1428 pertrahe
1618 1389 1715 1415 cum

257 1442 429 1497 plumbo
457 1440 661 1496 imagines
690 1440 921 1480 secundum
948 1439 1126 1492 libitum,
1157 1445 1282 1497 atque
1310 1455 1406 1482 eum
1434 1441 1576 1496 gracili
1606 1441 1715 1483 ferro

256 1509 430 1565 designa
458 1513 615 1549 tractus
637 1513 682 1548 ut
703 1513 956 1563 appareant3
989 1507 1141 1549 deinde
1162 1523 1257 1549 cum
1284 1509 1457 1551 diversis
1478 1509 1596 1550 ferris
1616 1509 1714 1550 fode

256 1591 429 1632 campos
459 1578 586 1633 quam
617 1574 823 1630 profunde
853 1574 1048 1627 volueris,
1079 1581 1120 1617 et
1147 1575 1205 1617 sic
1235 1576 1407 1617 demum
1436 1576 1651 1632 ingenium
1673 1582 1715 1618 et

256 1644 472 1685 scientiam
510 1648 629 1684 tuam
676 1643 818 1698 sculpe
861 1643 1077 1698 imagines,
1118 1645 1183 1685 vel
1234 1644 1344 1686 aliud
1386 1645 1499 1700 quod
1535 1644 1712 1685 libuerit.

258 1711 386 1761 Quod
419 1711 454 1753 si
488 1710 668 1752 volueris
700 1724 805 1766 opus
839 1716 958 1751 tuum
993 1711 1081 1752 auri
1113 1711 1256 1767 petula
1289 1727 1450 1763 ornare,
1485 1713 1629 1768 gluten
1660 1712 1714 1753 de

254 1780 394 1821 vesica
424 1779 549 1835 piscis
579 1778 651 1835 qui
681 1778 831 1820 dicitur
861 1778 967 1820 huso
999 1779 1201 1835 subpone,
1232 1786 1274 1821 et
1302 1780 1431 1823 incisa
1462 1779 1606 1836 petula
1642 1794 1715 1835 per

255 1847 495 1903 particulas,
527 1846 633 1887 sicut
662 1846 840 1887 volueris
871 1860 1076 1902 suppone.
1152 1847 1307 1889 Forma
1337 1848 1463 1889 etiam
1493 1847 1713 1889 manubria

253 1930 306 1958 ex
328 1916 453 1957 ebore
483 1915 662 1958 rotunda
690 1914 777 1956 sive
798 1919 975 1967 costata,
1005 1920 1048 1956 et
1068 1915 1135 1957 fac
1156 1916 1344 1958 foramen
1371 1931 1445 1972 per
1465 1916 1650 1957 medium
1669 1916 1713 1957 in

254 1983 529 2039 longitudine,
560 1982 711 2023 deinde
738 1997 833 2024 cum
854 1983 963 2024 limis
985 1983 1158 2026 diversis
1179 1985 1233 2025 ad
1254 1984 1336 2026 hoc
1357 1999 1462 2040 opus
1492 1976 1601 2040 aptis
1622 1998 1713 2026 am·-

255 2050 395 2107 plifica
420 2050 608 2092 foramen
634 2055 681 2091 ut
711 2050 764 2091 sit
783 2050 954 2092 interius
985 2051 1093 2093 sicut
1121 2052 1314 2104 exterius,
1345 2058 1387 2094 et
1408 2052 1462 2094 sit
1485 2066 1558 2108 per
1574 2057 1713 2093 rotum

253 2118 468 2174 aequaliter
499 2123 541 2159 et
570 2118 831 2159 mediocriter
871 2124 994 2160 tenue
1008 2136 1018 2171 3
1063 2126 1189 2177 atque
1219 2120 1411 2176 pertrahe
1454 2120 1498 2160 in
1538 2119 1713 2162 circuitu
1771 2127 1776 2128 ⁷

255 2185 457 2227 subtiliter
476 2185 689 2238 flosculos,
718 2186 805 2227 sive
826 2186 995 2240 bestias,
1027 2203 1139 2241 aves,
1161 2189 1227 2230 vel
1247 2188 1452 2229 dracones
1472 2187 1649 2229 collibus
1670 2194 1713 2230 et

253 2253 398 2295 caudis
413 2258 724 2305 concatenatos,
740 2259 783 2294 et
802 2268 899 2295 cum
921 2255 1142 2298 subtilibus
1158 2256 1275 2298 ferris
1297 2270 1469 2312 campos
1489 2256 1711 2307 transfora,

252 2322 404 2363 deinde
424 2322 565 2376 sculpe
586 2321 713 2378 quam
740 2322 933 2376 gracilius
954 2328 996 2364 et
1016 2324 1232 2379 operosius
1253 2324 1402 2380 possis.
1463 2323 1563 2373 Quo
1584 2323 1710 2375 facto,

253 2390 379 2446 imple
399 2389 587 2430 foramen
616 2389 787 2431 interius
807 2389 923 2445 ligno
944 2391 1182 2447 quercineo,
1213 2392 1327 2448 quod
1348 2392 1561 2447 cooperies
1581 2405 1710 2447 cupro

251 2456 366 2498 tenui
387 2457 601 2508 deaurato,
625 2455 684 2497 ita
703 2461 750 2497 ut
769 2471 842 2512 per
863 2472 1009 2499 omnes
1038 2472 1211 2514 campos
1231 2473 1378 2500 aurum
1399 2459 1529 2500 videri
1549 2458 1707 2514 possit3

252 2524 395 2580 sicque
416 2538 468 2565 ex
489 2523 637 2565 eodem
659 2538 754 2565 osse
774 2524 964 2580 particuli
984 2525 1148 2567 duabus
1169 2525 1378 2581 injunctis,
1409 2526 1578 2567 obstrue
1600 2525 1710 2567 fora-

253 2606 351 2633 men
380 2595 478 2633 ante
510 2596 552 2633 et
578 2592 700 2643 retro,
731 2606 837 2647 quas
868 2591 1111 2635 obfirmabis
1141 2593 1271 2635 osseis
1309 2594 1452 2647 clavis,
1493 2599 1581 2634 tam
1611 2594 1710 2635 sub-

251 2659 387 2712 tiliter,
417 2665 465 2701 ut
484 2659 619 2701 nuHus
647 2659 910 2701 considerare
937 2658 1070 2716 possit
1097 2660 1273 2718 qualiter
1298 2675 1444 2703 aurum
1469 2660 1710 2717 impositum

252 2727 318 2768 sit.
380 2726 487 2769 Post
512 2727 602 2767 haec
622 2727 664 2767 in
685 2726 881 2768 anteriori
906 2728 1110 2784 particula
1136 2729 1203 2770 fac
1231 2728 1421 2770 foramen
1441 2728 1485 2769 in
1511 2743 1597 2785 quo
1624 2728 1710 2770 cul-

250 2795 372 2836 tellus
404 2795 645 2851 inponatur,
676 2795 794 2850 cujus
835 2796 969 2837 cauda
996 2795 1199 2838 calefacta
1226 2796 1368 2838 leviter
1387 2801 1526 2852 potest
1551 2796 1708 2852 inponi,

251 2863 349 2919 quia
378 2863 538 2919 lignum
568 2868 632 2904 est
660 2862 832 2904 interius
854 2868 896 2905 et
920 2864 1092 2907 firmiter
1121 2864 1274 2906 stabit:
1306 2864 1372 2906 fac
1403 2863 1528 2905 etiam
1559 2878 1706 2909 manu,-
