1970 3202
200 252 287 294 238
671 264 923 293 THEOPHILI
956 265 1094 293 mmm
1125 264 1193 292 111.

202 362 291 412 fiat,
322 361 585 416 ejectumque
620 360 717 402 inde
750 361 873 413 sicca,
903 366 945 402 et
979 362 1091 417 quod
1126 360 1332 401 minutum
1366 364 1429 400 est
1459 359 1576 400 mitte
1610 359 1651 399 in

201 442 383 483 pennam
403 428 561 468 anseris
581 433 709 483 atque
730 428 915 480 obstrue,
936 429 1050 485 quod
1071 442 1168 469 vero
1199 426 1385 483 grossius
1406 432 1482 478 est,
1502 426 1651 467 iterum

202 495 320 535 mitte
358 494 401 535 in
441 508 514 535 vas
555 500 597 535 et
637 496 888 547 comminue,
930 510 1177 552 rursumque
1218 496 1420 537 siccatum
1460 493 1578 534 mitte
1610 492 1652 532 in

201 563 375 604 alteram
396 576 593 619 pennam.

616 845 922 908 CAPUT
984 846 1239 908 XXIX.

627 1000 688 1026 DE
719 1000 991 1028 IMPONENDO
1023 995 1234 1029 NIGELLO.

206 1106 526 1207 CUMQUE
536 1107 595 1148 sic
611 1108 748 1163 plures
765 1122 925 1164 pennas
939 1109 1189 1163 impleveris,
1204 1108 1346 1164 accipe
1359 1109 1532 1165 gummi,
1541 1110 1654 1166 quod

308 1181 481 1216 vocatur
490 1175 749 1231 parahas¹,et
757 1176 1002 1231 particulam
1019 1177 1108 1232 ejus
1123 1182 1210 1217 tere
1227 1191 1323 1218 cum
1337 1177 1497 1233 aquain
1506 1178 1654 1218 eodem

201 1259 300 1286 vase
316 1245 386 1295 ita,
409 1250 454 1285 ut
474 1259 526 1285 ex
547 1259 597 1285 eo
618 1244 687 1285 vix
705 1258 815 1300 aqua
831 1243 997 1284 turbida
1013 1244 1100 1294 fiat,
1115 1249 1156 1284 et
1168 1244 1306 1284 locum
1329 1258 1455 1300 quem
1477 1244 1655 1285 volueris

201 1313 420 1368 denigrare
455 1327 551 1353 cum
583 1312 674 1367 ipsa
709 1326 822 1367 aqua
855 1312 920 1352 fac
953 1311 1172 1351 humidum
1204 1311 1330 1366 prius,
1363 1311 1655 1368 accipiensque

201 1392 383 1433 pennam
405 1392 500 1418 cum
521 1377 601 1418 levi
622 1377 730 1417 ferro
752 1381 901 1417 excute
922 1376 1067 1416 tritum
1084 1376 1282 1431 nigellum
1305 1391 1428 1432 super
1448 1391 1543 1418 eum
1564 1377 1655 1417 dili-

202 1451 348 1500 genter
387 1445 522 1486 donec
562 1450 698 1485 totum
748 1443 977 1499 cooperias,
1019 1443 1162 1499 sicque
1209 1458 1283 1499 per
1323 1443 1466 1484 omnia
1514 1443 1653 1484 facies.

205 1513 371 1554 Deinde
392 1527 598 1568 compone
618 1513 821 1553 carbones
837 1511 1007 1566 copiose
1029 1525 1244 1562 accensos,
1261 1517 1303 1552 et
1322 1511 1365 1551 in
1386 1524 1459 1552 eos
1481 1511 1654 1551 missum

202 1593 276 1619 vas
297 1579 516 1634 diligenter
546 1579 714 1634 cooperi
735 1578 808 1629 sic,
835 1584 878 1619 ut
899 1593 1022 1634 super
1042 1579 1242 1635 nigellum
1263 1580 1399 1620 nullus
1430 1579 1557 1621 carbo
1578 1594 1654 1635 po-

202 1652 339 1698 natur,
361 1660 439 1687 nec
472 1646 607 1687 cadat.
669 1645 862 1701 Cumque
883 1646 1152 1702 liquefactum
1173 1647 1309 1698 fuerit,
1330 1653 1425 1688 tene
1457 1661 1531 1687 vas
1559 1661 1655 1687 cum

202 1715 372 1769 forcipe,
395 1718 436 1755 et
456 1719 570 1755 verte
592 1728 643 1754 ex
666 1714 780 1755 omni
801 1719 933 1769 parte,
956 1714 1042 1770 qua
1064 1714 1193 1755 fluere
1214 1715 1384 1767 videris,
1406 1720 1447 1755 et
1474 1715 1531 1755 ita
1554 1729 1655 1756 con—

202 1781 400 1823 vertendo
434 1796 534 1822 cave
557 1794 609 1822 ne
639 1781 682 1821 in
703 1787 857 1823 terram
890 1782 1088 1837 nigellum
1111 1782 1247 1823 cadat.
1309 1781 1435 1830 Quod
1458 1783 1501 1823 in
1521 1783 1655 1837 primo

202 1849 339 1890 calore
360 1863 445 1890 non
473 1849 601 1900 ⁸suerit
631 1850 802 1904 plenum
822 1864 896 1905 per
929 1850 1083 1901 omnia,
1105 1850 1244 1891 denuo
1266 1850 1331 1891 fac
1361 1850 1593 1903 humidum,
1615 1857 1656 1891 et

203 1931 437 1972 superpone
458 1922 504 1957 ut
524 1917 650 1972 prius,
673 1922 715 1958 et
735 1931 836 1958 cave
857 1917 1078 1972 diligenter
1098 1933 1149 1958 ne
1171 1919 1263 1973 plus
1285 1933 1391 1974 opus
1412 1918 1476 1959 sit.

629 2213 926 2294 CAPUT
1001 2214 1208 2276 XXX.

507 2364 568 2390 DE
598 2363 859 2391 FUNDENDIS
889 2362 1132 2391 AURICULIS
1163 2364 1349 2392 CALICIS.

285 2451 303 2492 Ι
336 2451 517 2492 volueris
556 2464 676 2491 aures
706 2449 823 2490 calici
857 2464 1081 2505 apponere,
1112 2465 1212 2492 mox
1248 2456 1295 2492 ut
1329 2452 1580 2507 percusseris
1615 2459 1658 2494 et

311 2518 473 2570 raseris,
495 2518 737 2574 priusquam
758 2516 894 2572 operis
925 2517 1038 2558 aliud
1059 2517 1102 2558 in
1122 2533 1172 2559 eo
1193 2519 1294 2575 quid
1316 2519 1460 2572 facias,
1483 2519 1657 2575 accepta

203 2587 299 2630 cera
327 2587 461 2629 forma
480 2586 578 2628 inde
613 2600 747 2636 aures,
769 2590 811 2626 et
831 2583 976 2640 sculpe
1005 2585 1049 2626 in
1071 2586 1131 2626 eis
1151 2586 1355 2628 dracones
1384 2587 1471 2628 sive
1500 2587 1655 2628 bestias

202 2662 276 2697 aut
304 2671 415 2708 aves,
436 2656 502 2696 vel
522 2655 621 2696 folia
653 2653 1046 2710 quomodocumque
1066 2653 1194 2695 modo
1217 2654 1408 2696 volueris.
1471 2654 1522 2696 In
1543 2669 1654 2696 sum—

203 2724 346 2766 mitate
367 2739 465 2766 vero
493 2723 707 2779 utriusque
738 2719 848 2762 auris
870 2735 978 2775 pone
1012 2735 1158 2776 parum
1186 2735 1304 2773 cerae,
1326 2722 1528 2773 rotundae,
1550 2721 1656 2763 sicut

677 2861 685 2878 ¹
710 2862 731 2878 “
746 2859 901 2899 barabas‚''
917 2859 953 2890 in
971 2860 1046 2890 Cod.
1065 2860 1197 2900 Guaelpk.

1956 3005 1970 3089 ,ἴωμ-
1956 2990 1959 2992 .
