1970 3202
316 238 371 279 40
797 251 1048 280 THEOPHILI
1080 251 1214 279 mmm
1243 252 1273 279 1.

315 351 452 392 hieme
472 351 561 393 sine
581 365 706 407 aqua,
728 356 770 391 et
789 365 885 392 cum
906 365 1055 407 purum
1076 351 1213 403 fuerit,
1233 351 1351 392 mitte
1371 351 1545 391 minium
1566 351 1610 391 in
1630 365 1760 393 cornu

313 425 356 460 et
377 419 552 460 infunde
572 420 745 470 clarum,
765 419 1046 475 impositoque
1067 419 1183 474 ligno
1212 433 1336 460 move
1355 419 1583 470 modicum,
1603 425 1647 460 et
1664 419 1762 460 inde

315 500 410 527 cum
426 486 603 542 pincello
624 486 750 542 imple
771 487 914 528 omnia
933 487 1040 538 loca,
1060 486 1104 527 in
1125 485 1277 542 quibus
1303 500 1451 527 aurum
1471 487 1574 528 velis
1593 501 1761 542 ponere.

317 553 483 595 Dehinc
517 568 628 609 pone
663 554 835 595 ollulam
869 569 966 601 cum
1001 554 1159 610 glutine
1194 568 1319 609 super
1346 554 1564 606 carbones,
1595 559 1638 595 et
1665 568 1762 595 cum

315 621 587 677 liquefactum
617 620 754 672 fuerit,
775 621 904 663 funde
924 621 968 662 in
998 621 1204 663 concham
1225 621 1315 662 auri
1335 626 1377 663 et
1406 622 1500 663 lava
1530 620 1631 662 illud
1652 621 1763 662 inde.

318 688 447 738 Quod
467 703 564 731 cum
583 689 781 736 effuderis
800 688 844 729 in
874 689 1000 730 aliam
1021 688 1244 741 concham,
1263 689 1307 729 in
1327 703 1411 745 qua
1441 694 1763 745 purgamentum

316 762 515 809 servatur,
538 771 679 798 rursus
714 757 888 799 infunde
920 758 1066 813 gluten
1086 757 1282 809 calidum,
1302 763 1345 798 et
1375 762 1522 798 tenens
1551 756 1595 797 in
1624 756 1765 812 palma

317 840 466 867 manus
486 825 677 877 sinistrae,
698 839 821 867 move
848 825 1067 882 diligenter
1086 840 1182 867 cum
1212 825 1404 881 pincello,
1425 830 1467 867 et
1495 839 1607 881 pone
1626 830 1765 866 utrum

318 893 496 934 volueris
517 893 699 948 spissum
720 899 794 933 aut
811 898 951 944 tenue,
972 893 1032 934 sic
1052 898 1195 934 tamen
1213 897 1261 934 ut
1280 892 1451 948 glutinis
1466 892 1679 934 modicum
1699 892 1765 943 sit,

319 960 417 1016 quia
437 960 472 1001 si
502 960 918 1015 superabundaverit,
938 960 1138 1016 nigrescit
1167 974 1315 1001 aurum
1335 965 1378 1001 et
1405 973 1495 1001 non
1522 959 1668 1016 recipit
1685 959 1767 1000 ful-

319 1042 479 1083 gorem.
539 1027 776 1084 Postquam
807 1033 948 1069 autem
969 1027 1171 1069 siccatum
1202 1027 1338 1080 fuerit,
1360 1027 1491 1083 polies
1518 1027 1621 1070 illud
1641 1027 1769 1068 dente

319 1095 383 1136 vel
396 1095 535 1151 lapide
548 1094 816 1150 sanguinario
828 1094 1051 1151 diligenter
1065 1095 1223 1146 limata,
1239 1099 1283 1136 et
1293 1095 1426 1151 polito
1439 1109 1563 1150 super
1578 1094 1768 1136 tabulam

320 1176 516 1204 corneam
535 1162 739 1218 aequalem
760 1176 810 1203 ac
830 1162 1025 1204 lucidam.
1087 1161 1216 1211 Quod
1236 1162 1272 1204 si
1292 1162 1515 1218 eontigerit
1534 1176 1608 1218 per
1637 1162 1769 1217 negli-

321 1231 506 1286 gentiam
527 1229 697 1286 glutinis
718 1244 804 1271 non
823 1230 932 1272 bene
961 1230 1083 1282 cocti,
1103 1237 1151 1272 ut
1172 1244 1319 1272 aurum
1339 1230 1383 1271 in
1403 1230 1590 1271 fricando
1611 1244 1656 1272 se
1677 1230 1769 1286 pul-

321 1303 450 1350 veret,
470 1298 537 1340 vel
569 1312 654 1353 prae
682 1297 812 1339 nimia
842 1298 1110 1354 spissitudine
1140 1313 1184 1340 se
1214 1299 1361 1351 elevet,
1382 1298 1540 1340 habeas
1570 1313 1698 1354 penes
1726 1304 1769 1339 te

322 1366 479 1407 clarum
500 1372 620 1407 vetus
653 1365 743 1408 sine
772 1380 883 1423 aqua
902 1381 1161 1422 percussum,
1182 1372 1225 1408 et
1254 1381 1355 1408 mox
1375 1381 1471 1408 cum
1504 1367 1684 1423 pincello
1716 1367 1770 1408 de

321 1433 470 1475 eodem
502 1433 713 1475 modicum
733 1449 783 1477 ac
812 1434 958 1476 leniter
988 1449 1112 1491 super
1131 1449 1279 1477 aurum
1307 1434 1470 1487 liniens,
1490 1449 1587 1476 cum
1613 1435 1770 1476 siccum

322 1501 445 1542 fuerit
464 1501 604 1542 denuo
625 1501 753 1543 dente
773 1503 839 1543 vel
858 1502 996 1559 lapide
1017 1502 1199 1544 fricabis.
1259 1501 1356 1544 Hoc
1386 1502 1513 1544 modo
1534 1508 1771 1559 argentum,

323 1568 576 1610 auricalcum
598 1573 640 1609 et
660 1583 834 1625 cuprum
855 1570 898 1610 in
918 1570 1003 1611 suis
1022 1569 1125 1611 locis
1146 1584 1277 1626 pones
1298 1575 1340 1612 et
1359 1569 1541 1612 fricabis.

718 1900 1023 1991 CAPUT
1099 1929 1402 1991 XXXIL

396 2072 616 2104 QUOMODO
648 2075 918 2104 DECORE'PUR
950 2076 1146 2104 PICTURA
1178 2076 1415 2105 LIBRORUM
1448 2075 1622 2104 STAGNO
1654 2075 1710 2103 ΕΤ

953 2144 1138 2172 cROOEo.

411 2239 429 2280 Ι
452 2255 550 2282 vero
566 2248 758 2283 neutrum
773 2243 982 2295 habueris,
998 2249 1041 2285 et
1055 2249 1199 2285 tamen
1220 2258 1326 2299 opus
1341 2249 1460 2284 tuum
1475 2243 1775 2298 quoquomodo

427 2307 625 2349 decorare
645 2304 841 2361 volueris,
853 2311 952 2351 tolle
974 2317 1171 2366 stagnum
1193 2325 1344 2366 purum
1360 2316 1403 2351 et
1422 2324 1563 2351 rasum
1583 2309 1774 2352 minutis-

330 2374 446 2426 sime,
469 2375 578 2416 mole
618 2381 660 2416 et
693 2376 787 2417 lava
822 2378 929 2418 sicut
963 2391 1124 2429 aurum,
1145 2384 1187 2419 et
1221 2392 1332 2433 pone
1361 2378 1508 2419 eodem
1542 2377 1698 2433 glutine
1733 2377 1776 2418 in

331 2441 458 2482 literis
480 2443 547 2483 vel
569 2443 662 2488 aliis
681 2444 799 2495 locis,
834 2460 929 2501 quae
949 2445 1129 2487 volueris
1150 2460 1253 2487 auro
1273 2447 1340 2487 vel
1360 2450 1534 2502 argento
1556 2460 1717 2498 ornare,
1735 2452 1778 2487 et

330 2524 426 2550 cum
447 2509 613 2565 polieris
643 2510 783 2563 dente,
804 2512 905 2553 tolle
925 2526 1095 2554 crocum
1125 2527 1222 2554 cum
1242 2528 1326 2569 quo
1348 2513 1525 2554 sericum
1555 2514 1777 2566 coloratur,

330 2576 585 2631 perfundens
605 2577 722 2619 illum
741 2579 855 2621 claro
885 2579 974 2622 sine
994 2595 1117 2637 aqua,
1138 2586 1182 2622 et
1199 2595 1296 2622 cum
1318 2585 1391 2637 per
1419 2586 1586 2622 noctem
1606 2582 1778 2632 steterit,

331 2645 521 2700 sequenti
534 2645 601 2686 die
613 2660 710 2687 cum
723 2647 901 2702 pincello
914 2649 1129 2704 cooperies
1141 2649 1355 2705 loca‚‚quae
1366 2648 1546 2690 volueris
1558 2649 1778 2702 deaurare;

332 2717 481 2753 caetera
513 2712 668 2755 habeto
700 2714 793 2756 loco
825 2715 1002 2771 argenti.
1065 2715 1231 2757 Deinde
1263 2716 1390 2758 facies
1420 2716 1594 2758 subtiles
1621 2723 1778 2758 tractus

333 2778 443 2819 circa
462 2779 600 2821 literas
616 2786 659 2821 et
679 2780 777 2823 folia
793 2788 835 2823 et
854 2784 989 2825 nodos
1005 2797 1057 2824 ex
1075 2783 1203 2825 minio
1219 2798 1316 2826 cum
1331 2799 1484 2841 penna,
1498 2790 1541 2826 et
1562 2789 1778 2840 paraturas

334 2846 675 2889 vestimentorum
696 2863 746 2890 ac
767 2856 916 2892 caetera
937 2857 1195 2893 ornamenta.
