1970 3202
229 227 278 267 14
479 232 487 238 '
708 243 960 271 THEoPmm
996 243 1130 270 LlnER
1163 244 1192 270 1.

280 339 417 380 Misce
452 341 579 382 viride
614 356 707 383 cum
738 357 876 394 succo,
900 350 940 384 et
962 343 1068 384 adde
1091 342 1304 383 modicum
1326 356 1452 396 ograe,
1484 348 1524 382 et
1543 341 1668 396 imple

162 457 165 461 ,
220 400 530 449 vestimentum.
606 409 728 450 Adde
751 411 876 451 etiam
899 411 1108 451 modicum
1131 409 1252 464 nigri,
1274 414 1315 449 et
1336 409 1401 450 fac
1423 409 1667 449 exteriorem

220 473 426 515 umbram.
499 475 621 517 Adde
656 491 751 518 cum
778 478 1017 533 impletione
1039 478 1131 533 plus
1153 475 1293 517 viridis
1316 483 1356 517 et
1385 476 1568 516 illumina
1589 475 1669 530 pri-

221 556 349 582 mum.
412 540 521 583 Cum
541 558 645 598 puro
667 545 785 585 viridi
806 545 991 585 illumina
1013 545 1207 595 exterius,
1229 549 1270 585 et
1290 544 1324 584 si
1346 558 1450 599 opus
1471 544 1537 594 sit,
1560 543 1668 584 adde

220 608 257 649 ei
278 608 490 650 modicum
511 610 606 651 albi.
661 611 782 653 Usus
805 626 947 653 HUJUS
970 625 1239 653 VESTIMENTI
1258 624 1349 651 NON
1368 624 1443 651 Es'r
1461 624 1508 650 IN
1526 623 1668 651 MURO.

222 675 360 717 Misce
380 676 728 733 auripigmentum
751 694 846 720 cum
868 680 1020 730 indico,
1043 680 1128 720 sive
1147 694 1241 720 cuni
1263 678 1436 730 manisc,
1457 678 1542 718 sive
1572 692 1667 718 cum

221 758 345 785 succo
362 744 563 796 sambuci,
578 751 621 786 et
636 745 762 801 imple
775 747 1081 788 vestimentum.
1128 747 1252 787 Adde
1268 746 1446 801 amplius
1459 745 1512 785 de
1529 759 1669 798 succo,

219 811 307 852 sive
329 810 516 862 manisc,¹
539 812 593 853 de
613 811 766 865 indico,
785 822 826 855 et
846 814 912 855 fac
934 820 1104 856 tractus.
1174 815 1296 856 Adde
1317 813 1527 854 modicum
1549 812 1668 868 nigri,

220 885 261 919 et
293 878 358 919 fac
393 879 583 919 umbram
614 881 873 922 exteriorem.
937 882 1102 923 Deinde
1131 882 1223 937 plus
1252 879 1544 935 auripigmenti
1573 894 1669 920 cum

219 946 474 1001 impletione,
496 953 538 987 et
558 947 745 988 illumina
766 948 958 1003 primum.
1020 948 1129 989 Cum
1157 948 1333 1003 simplici
1365 946 1669 1002 auripigmento

218 1013 406 1054 illumina
426 1013 626 1069 superius.
688 1014 1051 1070 Auripigmentum
1073 1022 1115 1056 et
1141 1014 1337 1071 quicquid
1358 1029 1409 1055 ex
1442 1028 1491 1055 eo
1511 1020 1670 1068 tempe-

220 1086 346 1132 ratur,
369 1081 526 1121 nullam
542 1081 626 1121 vim
647 1081 774 1123 habet
794 1082 838 1122 in
860 1097 990 1123 muro.
1055 1082 1192 1124 Misce
1212 1082 1372 1123 manisc
1389 1096 1484 1123 cum
1501 1081 1613 1132 folio,
1630 1088 1672 1122 et

219 1147 348 1203 imple
382 1149 689 1191 vestimentum.
749 1149 872 1191 Adde
905 1149 1031 1191 etiam
1063 1165 1210 1206 parum
1245 1150 1365 1205 nigri,
1388 1156 1430 1191 et
1459 1150 1524 1191 fac
1555 1155 1669 1191 exte-

219 1214 367 1256 riorem
408 1216 614 1258 umbram.
687 1217 796 1259 Cum
832 1218 1009 1273 simplici
1049 1218 1208 1259 manisc
1248 1218 1433 1260 illumina
1474 1219 1666 1274 primum.

221 1281 344 1323 Adde
375 1296 522 1338 pamm
554 1284 651 1336 albi,
680 1291 721 1326 et
751 1285 938 1326 illumina
959 1285 1157 1340 superius.
1221 1284 1358 1327 Misce
1394 1301 1540 1342 ogram
1571 1301 1669 1327 cum

220 1347 355 1403 nigro,
377 1355 419 1390 et
440 1349 565 1406 imple
586 1352 892 1394 vestimentum.
953 1353 1076 1394 Adde
1096 1353 1203 1409 nigri
1225 1353 1330 1409 plus,
1350 1360 1390 1394 et
1410 1354 1477 1395 fac
1498 1359 1669 1395 tractus.

220 1416 343 1458 Adde
364 1418 489 1459 etiam
511 1420 618 1474 plus,
639 1426 682 1461 et
700 1420 766 1461 fac
786 1420 980 1462 umbram
1002 1421 1261 1462 exteriorem.
1312 1421 1435 1463 Adde
1449 1436 1562 1477 ograe
1577 1422 1671 1477 plus

220 1498 315 1525 cum
336 1485 590 1542 impletione,
612 1494 654 1529 et
672 1488 861 1530 illumina
882 1488 1074 1544 primum.
1136 1487 1247 1529 Cum
1269 1503 1372 1543 ogra
1392 1494 1434 1530 et
1453 1488 1582 1529 rubeo
1604 1488 1671 1529 fac

220 1552 418 1595 similiter.
460 1555 597 1597 Misce
618 1556 759 1597 album
779 1562 822 1597 et
841 1556 984 1608 viride,
1006 1561 1048 1597 et
1067 1555 1193 1611 imple
1209 1555 1515 1596 vestimentum.
1558 1555 1669 1596 Cum

220 1621 397 1677 simplici
417 1623 537 1664 viridi
558 1623 623 1665 fae
644 1629 812 1666 tractus.
874 1624 996 1665 Adde
1014 1638 1163 1679 parum
1185 1623 1311 1674 succi,
1333 1629 1375 1664 et
1395 1622 1461 1663 fac
1477 1622 1669 1663 umbram

219 1690 479 1732 exteriorem.
539 1691 662 1732 Adde
683 1692 776 1747 plus
797 1691 882 1732 albi
903 1706 999 1731 cum
1019 1690 1275 1746 impletione,
1306 1696 1348 1731 et
1377 1690 1567 1730 illumina
1587 1689 1670 1744 pri-

221 1773 349 1800 mum.
411 1758 520 1800 Cum
553 1759 731 1815 simplici
762 1759 859 1800 albo
889 1758 1077 1800 illumina
1107 1757 1309 1813 superius.
1369 1757 1506 1798 Misce
1536 1756 1670 1797 modi-

219 1841 313 1868 cum
337 1827 445 1883 nigri
465 1833 507 1869 et
536 1841 683 1883 parum
713 1826 829 1868 rubei
860 1841 955 1868 cum
986 1826 1098 1877 albo,
1130 1832 1172 1866 et
1201 1825 1328 1881 imple
1359 1825 1668 1866 vestimentum.

221 1894 343 1935 Adde
363 1895 455 1950 plus
477 1895 591 1936 rubei
612 1902 654 1936 et
673 1909 820 1950 parum
851 1894 972 1950 nigri,
994 1899 1036 1935 et
1065 1894 1130 1935 fac
1160 1899 1329 1935 tractus.
1390 1893 1513 1934 Adde
1543 1893 1669 1934 etiam

218 1963 396 2018 amplius
417 1964 523 2019 nigri
544 1969 586 2004 et
605 1963 735 2015 rubei,
756 1969 797 2004 et
817 1962 884 2004 fac
900 1962 1092 2003 umbram
1109 1961 1369 2003 exteriorem.
1430 1961 1553 2001 Adde
1573 1974 1670 2000 cum

220 2031 459 2086 impletione
480 2031 571 2087 plus
592 2031 689 2081 albi,
711 2036 752 2071 et
772 2030 961 2071 illumina
981 2029 1173 2085 primum.
1225 2027 1335 2069 Cum
1357 2027 1534 2083 simplici
1555 2027 1667 2077 albo,

218 2098 406 2140 illumina
425 2099 618 2140 exterius.
671 2098 809 2140 Misce
829 2098 1016 2139 similiter
1037 2097 1203 2153 nigrum
1224 2111 1320 2137 cum
1341 2096 1452 2137 albo.
1504 2095 1669 2136 Eodem

220 2165 347 2208 modo
368 2166 494 2207 misce
515 2181 660 2222 ogram
682 2180 779 2207 cum
800 2166 911 2217 albo,
933 2172 974 2206 et
994 2166 1037 2206 in
1067 2164 1217 2205 umbra
1246 2163 1382 2205 eidem
1403 2162 1511 2203 adde
1534 2161 1669 2203 modi-

219 2248 316 2275 cum
338 2234 465 2275 rubei.

741 2363 749 2380 ¹
775 2363 897 2395 “sive'’
941 2363 1004 2394 Ms.
1023 2363 1152 2403 Guelplz.
