1970 3202
300 244 384 285 284
749 256 1004 284 THEOPHILI
1037 256 1175 284 mmm
1206 256 1274 285 111.

298 356 407 411 piat;
440 355 585 411 sicque
619 370 744 411 super
778 356 956 396 eandem
989 362 1127 397 cotem
1163 355 1294 396 saliva
1333 354 1551 395 humidam
1580 355 1750 396 fricabis

298 427 461 478 partem
496 423 651 475 lateris,
673 439 767 479 quae
799 438 851 464 ex
882 424 1064 479 antiquis
1095 423 1274 464 vasculis
1303 423 1446 463 fractae
1477 422 1750 477 reperiuntur,

298 490 433 532 donec
454 490 585 532 saliva
605 491 741 546 spissa
761 496 803 532 et
832 491 962 532 rubea
982 492 1057 531 fiat
1069 507 1080 543 ;
1112 504 1240 547 quam
1269 489 1388 530 linies
1419 503 1543 543 super
1561 489 1750 530 tabulam

298 558 539 613 plumbeam
575 559 793 614 aequalem,
832 573 956 613 super
990 573 1118 614 quam
1152 557 1300 599 leniter
1339 556 1508 598 fricabis
1549 557 1751 597 electrum

297 639 431 680 usque
451 625 552 666 dum
583 626 745 667 colores
776 625 865 681 ejus
886 625 1128 666 translucidi
1148 625 1253 666 fiant
1273 630 1315 665 et
1344 624 1468 676 clari3
1501 638 1750 680 rursumque

298 690 465 732 fricabis
485 692 657 733 laterem
679 707 776 733 cum
797 693 928 734 saliva
949 707 1072 747 super
1087 698 1239 743 cotem,
1253 697 1294 733 et
1310 691 1430 732 linies
1451 705 1575 746 super
1591 691 1751 732 corium

298 758 533 814 hymmum,
553 759 706 800 tabulae
721 760 869 814 ligneae
885 760 1099 815 aequaliter
1114 760 1313 810 affixum3
1344 772 1469 814 super
1484 758 1598 814 quod
1619 758 1752 813 polies

297 826 437 881 ipsum
467 827 668 867 electrum
689 826 825 867 donec
856 827 1026 868 omnino
1050 827 1222 882 fulgeat,
1242 829 1301 877 ita
1330 832 1377 867 ut
1407 826 1635 870 sirdimidia
1653 839 1751 881 pars

298 893 388 948 ejus
408 893 582 934 humida
602 894 676 934 fiat
697 899 738 934 et
758 894 933 934 dimidia
944 894 1058 935 sicca
1077 895 1146 946 sit,
1163 895 1301 935 nullus
1321 893 1455 949 possit
1473 893 1751 944 considerare,

299 975 392 1015 quae
411 974 507 1015 pars
529 960 653 1012 sicca,
675 975 769 1016 quae
789 961 853 1001 vel
873 961 1046 1003 humida
1068 961 1134 1003 sit.

751 1217 1053 1280 CAPUT
1136 1218 1318 1282 LVL

463 1364 524 1391 DE
554 1363 675 1392 PEDE
704 1362 880 1391 CALICIS
912 1364 967 1391 ET
999 1363 1178 1391 PATENA
1207 1364 1358 1397 ATQUE
1389 1363 1591 1393 FlSTULA.

302 1461 618 1560 DEINDE
639 1460 768 1501 funde
785 1475 933 1502 aurum
954 1461 996 1502 in
1013 1477 1098 1517 quo
1120 1461 1320 1503 formabis
1336 1462 1486 1518 pedem
1509 1477 1604 1503 eum
1626 1460 1752 1512 nodo,

448 1529 491 1569 in
511 1529 576 1584 cuj
585 1543 630 1569 us
652 1528 753 1569 nodi
783 1529 921 1569 medio
944 1534 1071 1585 atque
1093 1529 1135 1570 in
1166 1545 1240 1570 ora
1261 1530 1380 1586 pedis
1401 1530 1444 1570 in
1465 1530 1640 1571 circuitu
1669 1529 1754 1569 dis-

299 1611 431 1652 pones
452 1597 628 1637 limbum
650 1610 746 1636 cum
776 1596 986 1651 lapidibus
1008 1602 1050 1637 et
1082 1597 1243 1638 electris
1264 1603 1311 1638 ut
1342 1612 1482 1653 supra.
1543 1597 1754 1638 Patenam

300 1678 468 1720 quoque
489 1679 586 1705 cum
607 1664 830 1705 formabis¹
854 1664 1052 1706 mensura¹
1071 1670 1113 1706 et
1142 1664 1291 1718 forma,
1313 1665 1399 1721 qua
1427 1665 1624 1717 volueris,
1644 1665 1755 1706 circa

300 1746 418 1773 oram
438 1731 528 1787 ejus
550 1731 700 1772 eodem
721 1746 847 1787 opere
869 1737 911 1772 et
931 1732 1076 1773 ordine
1097 1733 1273 1774 limbum
1295 1733 1547 1789 operaberis,
1568 1733 1698 1774 facies
1711 1740 1755 1773 et

299 1800 484 1840 fistulam
505 1813 675 1839 auream
696 1798 843 1839 ordine
864 1805 906 1840 et
926 1800 1054 1841 modo
1076 1815 1160 1857 quo
1182 1800 1370 1856 superius
1391 1806 1646 1857 argenteam.

358 1865 519 1906 Cruces
535 1879 704 1921 quoque
725 1871 768 1906 et
799 1866 986 1920 plenaria
1007 1873 1050 1907 et
1072 1873 1313 1908 sanctorum
1333 1869 1558 1924 pignorum
1588 1867 1753 1918 scrinia,

299 1933 423 1974 simili
443 1933 578 1974 forma
597 1947 693 1973 cum
713 1933 922 1988 lapidibus
943 1940 984 1974 et
1004 1935 1264 1991 margaritis²
1285 1936 1523 1977 deornabis.

731 2191 1031 2253 CAPUT
1112 2192 1339 2255 LVIL

847 2338 908 2364 DE
938 2337 1208 2367 COLATORIO.

302 2441 578 2543 FACIES
599 2456 768 2498 quoque
801 2440 1050 2481 colatorium
1082 2455 1256 2482 aureum
1277 2442 1364 2484 sive
1396 2449 1641 2499 argenteum
1671 2444 1753 2486 hoe

429 2512 570 2553 modo.
633 2509 812 2550 Pei-cute
831 2522 906 2548 vas
922 2508 1143 2563 parvulum
1164 2509 1218 2549 ad
1240 2509 1555 2552 similitudinem
1577 2512 1753 2554 modicae

298 2580 442 2636 pelvis,
458 2578 676 2620 latitudine
696 2576 862 2617 modice
892 2575 1070 2630 amplius
1091 2575 1216 2616 unius
1247 2577 1434 2631 palmae³,
1456 2578 1542 2629 (cui
1562 2579 1752 2634 impones

299 2647 476 2688 caudam
507 2643 779 2701 longitudinis
800 2643 922 2683 unius
947 2643 1057 2683 ulnae
1078 2645 1137 2694 et)
1174 2644 1394 2685 latitudine
1426 2645 1548 2686 unius
1576 2646 1751 2702 pollicis,

601 2750 610 2768 ¹
634 2748 696 2781 imo
713 2748 949 2779 “formaveris.'’

599 2805 612 2822 ¹
635 2807 657 2821 “
669 2809 762 2844 atque
779 2803 927 2843 electris,”
942 2804 979 2834 in
997 2804 1071 2834 Cod.
1090 2805 1219 2845 Guelpk.

600 2858 613 2876 ⁸
630 2859 683 2890 Ex
699 2859 774 2890 Ood.
793 2858 923 2898 Guelpln.
939 2858 1049 2889 desunt
1064 2858 1100 2888 in
1115 2859 1337 2900 Manuscm'pto
1351 2860 1481 2892 Harleo.

1954 2278 1965 2293 Ἴ
1963 2217 1966 2221 -
1954 1995 1970 2199 --·-³--1rann·-.·‘
