1970 3202
489 453 837 507 INCIPIT
907 452 1187 506 LIBER
1257 451 1593 507 PRIMUS

395 630 1024 694 THEOPHILI
1150 630 1684 705 MONACHL

603 812 695 852 DE
757 810 1095 852 DIVERSIS
1156 811 1480 853 ARTIBUS.

844 1114 1253 1177 CAPUTI.

401 1263 460 1289 DE
490 1261 861 1289 TEMPERAMENTO
891 1261 1106 1290 COLORUM
1139 1263 1187 1289 IN
1220 1263 1358 1290 NUDIS
1390 1263 1684 1293 CORPORIBUS.

418 1360 581 1402 OLOR
614 1362 685 1417 qui
720 1362 870 1403 dieitur
905 1362 1153 1414 membrina,
1187 1378 1270 1419 quo
1307 1363 1535 1420 pinguntur
1570 1364 1695 1406 facies
1730 1372 1772 1406 et

466 1430 579 1470 nuda
609 1444 797 1484 corpora,
830 1429 888 1470 sic
921 1430 1197 1485 componitur.
1256 1430 1373 1472 Tolle
1405 1447 1607 1485 eerosam,
1638 1433 1679 1473 id
1710 1439 1774 1474 est

323 1498 479 1549 album,
500 1498 613 1554 quod
647 1499 695 1538 fit
726 1512 778 1538 ex
804 1497 991 1553 plumbo,
1013 1503 1054 1538 et
1081 1498 1197 1538 mitte
1225 1512 1317 1538 eam
1340 1512 1425 1539 non
1445 1499 1599 1550 tritam,
1620 1500 1694 1540 sed
1714 1500 1772 1541 ita

323 1571 369 1606 ut
399 1570 464 1606 est
495 1565 665 1616 siccam,
698 1565 741 1605 in
773 1579 847 1605 vas
882 1579 1081 1619 cupreum
1114 1565 1180 1605 vel
1211 1565 1403 1617 ferreum,
1436 1570 1478 1606 et
1508 1580 1618 1621 pone
1649 1581 1774 1622 super

322 1647 476 1689 prunas
511 1632 719 1683 ardentes,
755 1637 798 1673 et
832 1632 1029 1673 combure
1063 1632 1198 1673 donec
1238 1639 1505 1674 convertatur
1539 1634 1581 1673 in
1601 1632 1771 1676 'flavum

321 1701 521 1742 colorem.
583 1699 749 1740 Deinde
770 1705 856 1740 tere
877 1714 986 1751 eum,
1009 1705 1051 1740 et
1071 1700 1255 1741 admisce
1280 1700 1316 1741 ei
1346 1701 1486 1741 albam
1514 1716 1703 1743 cerosam
1732 1708 1774 1743 et

321 1767 595 1819 cenobrium¹,
615 1768 750 1808 donec
779 1767 894 1808 carni
925 1766 1069 1807 similis
1094 1767 1181 1807 fiat.
1242 1767 1434 1815 Quorum
1456 1769 1645 1809 colorum
1666 1768 1772 1808 mix-

323 1844 417 1877 tura
431 1836 475 1875 in
490 1841 563 1876 tuo
580 1835 633 1876 sit
650 1834 845 1884 arbitri0;
875 1839 922 1875 ut
942 1834 990 1886 si,
1009 1834 1123 1875 verbi
1144 1834 1293 1890 gratia,
1310 1835 1459 1876 rubeas
1475 1835 1603 1876 facies
1620 1835 1773 1876 habere

323 1903 399 1955 vis,
428 1903 521 1958 plus
548 1903 657 1944 adde
685 1902 891 1954 cenobrii3
924 1902 958 1942 si
985 1917 1082 1943 vero
1109 1902 1323 1954 candidas,
1351 1903 1444 1958 plus
1473 1917 1637 1958 appone
1665 1903 1771 1953 albi3

323 1971 356 2011 si
379 1976 518 2011 autem
540 1970 729 2025 pallidas,
750 1984 825 2025 pro
847 1970 1043 2011 cenobrio
1065 1970 1275 2011 modicum
1297 1970 1464 2026 prasini.

817 2199 1126 2294 CAPUT
1186 2200 1283 2261 II.

799 2347 860 2374 DE
890 2346 1065 2375 COLORE
1097 2345 1306 2375 PRASINO.

435 2445 499 2487 UI
530 2447 735 2502 prasinus,
756 2452 820 2488 est
839 2446 1046 2488 confectio
1067 2446 1259 2502 quaedam
1279 2446 1441 2487 habens
1462 2447 1772 2490 similitudinem

462 2514 580 2555 viridi
611 2513 762 2555 coloris
794 2519 836 2555 et
867 2513 987 2570 nigri,
1009 2514 1128 2569 cujus
1155 2518 1303 2555 natura
1329 2514 1423 2555 talis
1450 2519 1525 2565 est,
1546 2516 1660 2571 quod
1688 2531 1773 2558 non

326 2582 473 2623 teritur
501 2596 624 2636 super
650 2581 844 2637 lapidem,
873 2581 947 2622 sed
975 2581 1127 2623 missus
1153 2582 1197 2622 in
1223 2596 1378 2638 aquam
1405 2582 1620 2623 resolvitur
1639 2590 1681 2624 et
1702 2599 1773 2638 per

327 2664 512 2704 pannum
545 2649 763 2704 diligenter
794 2649 966 2700 colatur,
999 2650 1117 2704 cujus
1148 2664 1247 2691 usus
1283 2650 1325 2690 in
1362 2651 1514 2692 recenti
1546 2665 1665 2693 muro
1699 2666 1773 2706 pro

326 2717 444 2757 viridi
466 2717 602 2757 colore
624 2717 724 2757 satis
746 2716 856 2756 utilis
876 2722 954 2756 est.

829 2852 836 2870 ¹
863 2852 920 2883 Vel
936 2852 1112 2892 sinopidem,
1129 2864 1163 2884 ex
1180 2854 1212 2884 O.
1228 2854 1268 2884 R.
