1970 3202
268 276 355 318 334
735 287 991 317 rrnnopmm
1028 287 1166 315 mmm
1198 288 1267 315 111.

267 390 421 431 diocre.
484 389 593 431 Post
611 389 701 430 haec
722 389 788 431 fac
812 389 889 430 tibi
919 389 1074 430 ferrum
1094 389 1264 444 gracile,
1286 388 1543 445 longitudine
1563 389 1725 432 dimidii

265 457 398 512 pedis,
430 457 547 514 quod
580 458 625 499 in
655 472 740 499 una
775 457 1017 499 summitate
1049 457 1103 498 sit
1137 457 1303 498 modice
1337 458 1482 509 latum,
1518 459 1572 500 ad
1608 473 1725 500 men—

266 540 406 567 suram
435 515 601 582 unguis,
630 531 674 568 et
702 526 967 567 mediocriter
996 539 1161 576 cavum,
1192 530 1234 566 et
1263 525 1396 566 altera
1420 526 1642 568 summitas
1662 527 1725 567 in-

265 594 422 649 figatur
440 594 582 650 ligneo
603 594 837 635 manubrio.
898 593 1066 635 Deinde
1096 593 1250 634 sedens
1272 593 1399 648 juxta
1427 593 1642 635 fornacem
1669 594 1723 635 ad

263 660 348 703 11οο
368 676 475 717 opus
496 668 655 718 aptam,
676 667 774 703 ante
804 676 932 718 quam
953 666 1036 703 stet
1054 661 1270 702 vasculum
1290 675 1490 716 cupreum
1510 676 1608 703 cum
1628 676 1724 703 cera

261 728 501 784 liquefacta,
521 737 754 785 tenensque
783 729 949 771 sinistra
978 743 1107 770 manu
1137 729 1403 770 manubrium
1427 728 1535 770 illius
1556 728 1722 785 gracilis

262 795 359 837 ferri
377 796 421 837 in
435 797 572 838 latiori
589 803 704 853 parte
725 797 990 849 calefactum,
1010 797 1055 838 in
1074 796 1223 838 dextra
1237 810 1336 837 vero
1357 802 1578 852 stagneum
1589 797 1721 848 filum,

260 865 383 920 quasi
403 865 577 920 globum
606 865 843 906 involutum
873 865 993 921 cujus
1023 870 1151 921 caput
1170 865 1298 906 facies
1317 865 1361 905 in
1381 878 1477 906 cera
1495 865 1723 920 liquefacta

260 932 494 984 humidum,
524 947 773 990 ponensque
800 947 925 989 super
953 947 1084 974 unum
1115 946 1168 974 ex
1188 932 1388 984 flosculis,
1419 932 1472 974 ea
1502 938 1619 988 parte
1648 933 1722 974 ubi

259 1005 457 1056 stagnum
485 1007 566 1052 est,
596 1001 655 1042 ita
689 1007 737 1042 ut
764 1001 989 1053 adhaereat,
1009 1001 1183 1052 levabis,
1205 1006 1248 1041 et
1278 1014 1412 1056 pones
1443 999 1487 1040 in
1517 1000 1721 1042 fossulam

259 1067 355 1108 ferri
385 1069 617 1121 candentis,
648 1069 893 1126 tenebisque
920 1069 1056 1110 donec
1082 1069 1284 1125 liquefiat,
1306 1068 1534 1124 statimque
1553 1082 1721 1110 remov-

261 1136 350 1177 ebis
363 1142 587 1193 utrumque
603 1138 658 1179 ab
674 1137 785 1194 igne,
801 1137 1047 1193 incidasque
1061 1138 1179 1178 filum
1196 1151 1293 1178 cum
1309 1136 1468 1193 forcipe
1488 1136 1720 1178 secundum

258 1205 565 1260 longitudinem
596 1221 723 1262 quam
745 1206 807 1247 vis
837 1206 995 1247 habere
1025 1205 1202 1247 caudam
1234 1205 1356 1247 clavi.
1417 1203 1572 1261 Sicque
1591 1204 1720 1245 facies

258 1272 396 1314 donec
415 1274 630 1328 expendas
659 1274 704 1314 in
733 1274 972 1329 hujusmodi
1005 1274 1133 1314 clavis
1154 1278 1377 1328 argentum
1396 1272 1500 1313 illud
1520 1286 1719 1328 cuprum-

259 1355 342 1395 que
362 1340 622 1383 deauratum.
683 1341 877 1398 Cumque
907 1342 1123 1383 clavorum
1153 1340 1319 1396 copiam
1350 1339 1561 1392 habueris,
1583 1345 1625 1381 et
1645 1354 1718 1381 eos

259 1408 470 1464 configere
490 1409 670 1451 volueris
690 1410 734 1450 in
754 1409 943 1465 corrigiis
968 1409 1216 1450 ascensoriis
1237 1409 1350 1449 sellae
1371 1408 1480 1464 equi,
1501 1408 1588 1449 sive
1607 1408 1718 1449 circa

259 1475 458 1530 capitium
479 1476 597 1529 freni,
628 1477 809 1532 primum
840 1492 936 1519 cum
966 1477 1117 1518 subula
1146 1477 1214 1517 fac
1245 1476 1466 1527 foramina,
1497 1481 1540 1516 et
1560 1476 1619 1517 sic
1639 1476 1718 1516 im-

258 1557 368 1599 pone
392 1545 534 1586 clavos
556 1546 795 1597 ordinatim,
819 1546 879 1586 ita
907 1551 955 1586 ut
984 1545 1067 1586 sint
1096 1551 1179 1586 tres
1200 1544 1314 1585 aurei
1343 1549 1385 1585 et
1403 1549 1488 1585 tres
1515 1543 1716 1599 argentei,

258 1626 507 1668 rursumque
526 1618 610 1655 tres
631 1613 758 1665 aurei,
780 1619 823 1654 et
842 1613 951 1655 smili
972 1613 1100 1654 modo
1121 1626 1195 1668 per
1215 1617 1367 1653 totum.
1428 1610 1473 1652 Si
1488 1626 1586 1653 vero
1607 1611 1715 1652 duos

258 1679 426 1721 ordines
438 1682 505 1722 vel
521 1686 606 1723 tres
626 1682 783 1723 habere
797 1681 988 1734 volueris,
1006 1696 1117 1737 pone
1139 1694 1303 1736 semper
1316 1693 1448 1720 unum
1469 1684 1715 1735 argenteum

257 1753 299 1788 et
319 1749 495 1789 alterum
526 1764 698 1791 aureum
729 1765 803 1806 per
833 1750 989 1802 omnia,
1020 1749 1164 1805 sicque
1193 1762 1356 1804 ponens
1376 1746 1597 1803 conigiam
1617 1761 1715 1788 cum

259 1816 455 1871 captibus
496 1832 622 1873 super
660 1818 849 1859 tabulam
883 1818 1065 1874 ligneam
1100 1817 1319 1873 aequalem,
1356 1816 1523 1876 confige
1557 1814 1714 1856 caudas

257 1897 354 1924 cum
389 1884 591 1926 mediocri
626 1886 792 1927 malleo.
855 1885 984 1927 Fiunt
1017 1886 1145 1927 etiam
1179 1885 1328 1926 eodem
1360 1897 1486 1940 opere
1519 1882 1626 1924 clavi
1659 1895 1714 1923 ex

257 1951 478 2004 auricalco,
499 1953 574 1994 sed
595 1953 828 2009 spissiores,
850 1968 1030 2011 quorum
1050 1953 1196 1995 caudae
1216 1960 1380 2008 cupreae
1399 1950 1631 1993 solidantur
1649 1948 1714 1989 in-

256 2018 384 2060 terius
417 2026 568 2076 stagno
603 2036 708 2077 puro
743 2022 892 2063 eodem
927 2022 1069 2063 modo.
1130 2020 1218 2061 His
1251 2020 1520 2075 configuntur
1547 2017 1712 2073 vaginae

257 2086 535 2146 cultellorum,
557 2094 600 2130 et
619 2090 733 2131 coria
753 2105 878 2146 super
896 2090 1037 2142 libros,
1058 2089 1272 2146 multaque
1291 2086 1544 2143 hujusmodi.

596 2542 897 2605 CAPUT
990 2540 1361 2603 LXXVII.

446 2703 508 2730 DE
537 2702 798 2732 SOLIDANDO
827 2702 952 2731 AURO
983 2703 1039 2731 ΕΤ
1068 2703 1276 2731 ARGENTO
1306 2703 1516 2732 PARITER.

253 2810 837 2912 PURIFICATURUM
869 2816 1088 2867 argentum
1115 2811 1299 2868 pondere
1328 2811 1551 2854 duodecim
1581 2826 1703 2854 num-

384 2894 562 2932 morum,
605 2879 831 2935 percutitur
876 2879 1050 2922 strictim
1086 2880 1348 2936 longitudine
1390 2880 1551 2923 dimidii
1582 2880 1703 2937 digiti
