1970 3202
268 266 348 306 156
729 276 982 304 THEOPHILI
1015 275 1152 302 ΜΒΕΒ
1177 275 1233 303 μιι.

263 384 304 419 et
337 378 479 433 accipe
510 377 723 433 saphirum
754 391 803 418 ac
831 377 959 418 viride
986 376 1136 417 vitrum
1167 375 1281 430 quod
1311 369 1347 414 a
1367 374 1501 414 calore
1531 373 1712 413 flammae

264 444 469 486 levissime
491 444 690 500 liquefiat,
712 450 848 485 terens
875 444 1094 499 diligenter
1122 458 1218 484 cum
1245 456 1355 498 aqua
1382 455 1505 496 super
1530 440 1711 495 lapidem

265 512 559 567 porfireticum,
581 517 622 552 et
650 527 745 553 cuin
774 512 951 567 pincello
979 511 1100 553 linies
1129 526 1252 566 super
1273 511 1498 551 fracturam
1520 509 1714 549 subtilem

264 586 455 620 tractum.
518 579 684 619 Deinde
713 594 822 634 pone
852 593 975 634 super
1004 579 1190 619 tabulam
1222 578 1411 627 ferream,
1437 582 1478 617 et
1505 577 1621 617 eleva
1641 590 1714 616 vas

265 647 567 703 aliquantulum
600 661 651 687 ex
684 661 733 687 ea
765 653 882 702 parte
912 646 982 686 ubi
1010 646 1189 686 fractura
1216 651 1291 695 est,
1319 651 1367 686 ut
1393 645 1563 684 flamma
1593 658 1716 699 super

266 727 358 754 eam
386 714 598 769 aequaliter
626 719 822 764 transeat,
849 713 990 769 sicque
1019 713 1137 753 mitte
1165 712 1206 752 in
1235 712 1400 752 furnum
1429 711 1715 761 fenestrarum,

266 795 503 836 supponens
531 781 645 835 ligna
672 780 838 835 faginea
867 780 976 820 sicca
1004 786 1046 820 et
1072 780 1212 835 ignem
1241 779 1457 834 paulatim,
1487 780 1621 820 donec
1642 793 1715 819 vas

266 849 446 888 calescat
480 854 521 887 et
555 848 713 888 cineres
742 847 785 886 in
815 861 879 897 eo,
910 847 1133 902 statimque
1163 860 1271 901 auge
1299 846 1440 901 ignem
1471 853 1516 886 ut
1545 846 1716 887 flamma

265 921 438 956 crescat.
501 914 693 970 Cumque
728 914 878 955 videris
913 915 1027 970 quod
1062 914 1129 954 vix
1171 914 1378 965 rubescat,
1414 914 1555 969 ejectis
1594 914 1716 968 lignis

266 983 434 1023 obstrue
473 982 691 1037 diligenter
731 996 777 1022 os
817 982 997 1023 fornacis
1038 989 1079 1022 et
1120 981 1307 1022 foramen
1348 980 1548 1036 superius,
1583 980 1717 1021 donec

266 1049 428 1104 penitus
462 1048 734 1104 refrigeretur.
794 1049 949 1090 Ablato
970 1063 1069 1089 vase
1099 1049 1185 1089 eice
1215 1049 1374 1089 cineres
1405 1048 1563 1104 absque
1594 1062 1717 1104 aqua,

267 1118 407 1172 sicque
427 1117 587 1158 lavabis
608 1117 709 1158 illud
730 1123 772 1158 et
791 1117 967 1158 habebis
989 1117 1042 1158 ad
1063 1132 1168 1173 quos
1191 1131 1288 1157 usus
1311 1117 1501 1157 volueris.

669 1595 1310 1705 CAPUffiNXXXL

866 1801 925 1828 DE
955 1800 1132 1829 ANULIS.

318 1907 421 1948 ἻΧ
444 1908 548 1949 vitro
571 1910 695 1951 etiam
728 1912 833 1952 fiunt
853 1912 964 1953 anuli
987 1912 1066 1953 hoc
1096 1913 1234 1954 modo.
1297 1914 1516 1971 Compone
1545 1917 1618 1958 tibi
1642 1918 1725 1958 fur-

406 1990 505 2016 num
545 1979 763 2032 parvulum
806 1980 951 2021 ordine
992 1995 1075 2036 quo
1116 1995 1243 2036 supra
1276 1988 1318 2023 et
1354 1984 1534 2036 vascula,
1574 1985 1725 2026 deinde

275 2042 442 2098 acquire
462 2043 536 2084 tibi
558 2045 729 2098 cineres,
748 2047 822 2098 sal,
840 2048 1050 2102 pulverem
1071 2049 1187 2104 cupri
1208 2054 1249 2089 et
1268 2050 1500 2104 plumbum.
1562 2051 1725 2109 Hisque

275 2110 518 2166 compositis
549 2112 759 2170 distingue
790 2116 951 2156 colores
972 2115 1066 2156 vitri
1086 2131 1193 2172 quos
1213 2117 1404 2170 volueris,
1427 2120 1726 2178 suppositoque

274 2178 371 2234 igne
392 2184 434 2219 et
452 2178 576 2235 lignis
597 2195 745 2238 coque.
808 2182 981 2225 Interim
1002 2184 1170 2240 acquire
1190 2184 1266 2226 tibi
1286 2185 1446 2241 lignum
1467 2187 1726 2244 longitudine

275 2246 396 2287 unius
417 2248 556 2302 palmi,
579 2254 620 2290 et
641 2250 919 2305 grossitudine
939 2251 1063 2292 unius
1085 2251 1217 2307 digiti,
1239 2258 1281 2294 et
1300 2253 1342 2294 in
1359 2255 1481 2295 tertia
1501 2256 1592 2311 ejus
1609 2263 1727 2312 parte

276 2329 384 2370 pone
398 2316 578 2356 rotulam
592 2316 774 2372 ligneam
788 2318 1004 2360 latitudine
1017 2320 1140 2360 unius
1152 2320 1318 2375 palmae,
1335 2321 1394 2362 ita
1409 2328 1456 2363 ut
1470 2322 1576 2364 duas
1590 2331 1727 2379 partes

276 2382 379 2437 li‘gni
407 2387 551 2424 teneas
586 2383 629 2424 in
661 2399 801 2437 manu,
824 2391 865 2426 et
894 2387 1030 2427 rotula
1051 2401 1175 2442 super
1196 2401 1366 2429 manum
1393 2389 1537 2444 jaceat
1557 2392 1729 2434 firmiter

278 2449 394 2505 ligno
427 2451 667 2506 conjuncta,
703 2458 746 2493 et
776 2453 896 2494 tertia
933 2467 1027 2508 pars
1049 2454 1151 2510 ligni
1182 2470 1304 2510 super
1334 2458 1513 2498 rotulam
1535 2459 1727 2502 emineat.

279 2516 405 2565 Quod
426 2517 586 2573 lignum
606 2519 649 2560 in
665 2520 903 2561 summitate
919 2521 1072 2576 gracile
1087 2521 1307 2574 incidatur,
1325 2530 1366 2565 et
1379 2524 1436 2565 ita
1451 2526 1493 2565 in
1509 2526 1617 2568 ferro
1627 2529 1727 2584 jun-

277 2589 400 2639 gatur
412 2585 519 2626 sicut
524 2586 716 2642 jungitur
728 2588 770 2628 in
783 2588 906 2630 hasta
918 2588 1081 2640 lancea3
1099 2589 1212 2645 quod
1222 2590 1374 2632 ferrum
1382 2591 1536 2634 habeat
1547 2595 1728 2652 longitu-

278 2652 417 2693 dinem
434 2653 557 2694 unius
573 2655 713 2709 pedis;
745 2656 811 2697 cui
827 2656 985 2711 lignum
1001 2656 1216 2709 inseratur,
1235 2663 1280 2699 ut
1300 2659 1342 2699 in
1356 2660 1555 2715 junctura
1570 2665 1728 2720 aequale

279 2719 332 2760 sit
350 2719 478 2775 ligno,
494 2726 536 2762 et
555 2722 609 2763 ab
625 2723 716 2778 ipso
732 2723 824 2764 loco
840 2723 1033 2778 gracilius
1048 2724 1101 2765 sit
1121 2725 1164 2766 in
1185 2727 1313 2767 finem
1333 2743 1466 2785 usque
1487 2731 1728 2784 deductum,

279 2787 349 2828 ubi
370 2788 541 2829 omnino
558 2790 611 2830 sit
631 2797 813 2831 acutum.
877 2790 934 2831 Et
946 2792 1071 2847 juxta
1087 2792 1307 2835 fenestram
1328 2795 1506 2839 fornacis
1528 2799 1569 2839 in
1582 2800 1729 2841 dextra

281 2861 409 2910 parte,
427 2856 513 2897 *hoc
535 2864 597 2898 est
618 2858 658 2898 in
683 2858 847 2900 sinistra
868 2865 952 2910 tua,
974 2865 1056 2900 stet
1088 2860 1247 2916 lignum
1270 2864 1549 2918 grossitudine
1571 2868 1728 2910 brachii
