1970 3202
325 281 410 324 374
796 296 1048 324 'rmsopmm
1080 297 1218 324 mmm
1248 297 1317 324 111.

611 480 913 542 CAPUT
989 478 1481 541 LXXXVlIL

665 642 895 675 QUALITER
927 641 1140 669 STAGNUM
1173 641 1439 670 SOLIDETUR.

433 730 678 773 EROUTE
700 731 742 771 in
765 736 916 786 stagno
937 730 1057 786 quasi
1083 729 1190 771 duos
1217 729 1376 784 cyphos
1397 729 1590 785 aequales,
1619 734 1660 769 et
1680 742 1779 770 con-

454 801 587 856 junge
607 799 700 840 illos
721 798 763 838 in
784 798 938 849 medio,
965 797 1025 838 ita
1045 803 1091 838 ut
1118 811 1192 838 ora
1211 797 1335 838 unius
1354 797 1398 838 in
1418 798 1547 838 altera
1566 797 1780 852 procedat,

328 869 595 925 inpositoque
615 867 685 908 illo
707 866 778 922 qui
799 865 985 907 continet
1005 864 1210 906 cineribus
1231 865 1388 917 calidis,
1410 870 1571 921 partem
1592 865 1780 920 ejusdem

329 935 481 991 stagni,
512 934 674 990 plumbi
703 933 830 975 tercia
862 938 979 989 parte
1012 932 1214 983 admixta,
1245 938 1414 988 percute
1449 932 1710 985 tenuissime,
1739 937 1783 972 et

328 1003 579 1044 intercidens
619 1001 898 1058 particulatim
938 1001 1235 1056 circumpone3
1283 1000 1564 1057 adhibitisque
1604 991 1782 1041 modicis

329 1069 580 1112 carbonibus
621 1069 775 1125 ignitis,
815 1083 915 1110 mox
955 1075 1003 1110 ut
1040 1068 1255 1110 incaluerit
1293 1069 1562 1124 circumunge
1601 1068 1782 1109 resinam

329 1137 489 1189 abietis,
529 1141 572 1178 et
606 1151 706 1178 mox
745 1137 858 1192 ipsas
893 1137 1117 1192 particulas
1151 1137 1378 1194 liquescere
1412 1151 1461 1178 ac
1497 1136 1783 1178 circumfluere

329 1205 504 1246 videbis.
580 1204 690 1246 Mox
719 1204 969 1246 carbonibus
996 1205 1162 1257 amotis,
1193 1205 1479 1261 refrigeratum
1506 1205 1673 1245 firmum
1693 1204 1783 1245 erit.

331 1273 427 1314 Hoc
458 1273 585 1315 modo
607 1272 774 1314 solidari
804 1277 942 1328 potest
972 1272 1170 1329 quicquid
1200 1272 1243 1313 in
1263 1287 1368 1329 puro
1399 1278 1550 1329 stagno
1581 1278 1645 1314 est
1664 1287 1784 1328 opuS,

330 1340 534 1393 videlicet,
565 1340 762 1382 effusoria
788 1340 832 1381 in
857 1340 1051 1396 ampullis
1072 1346 1115 1381 et
1134 1340 1343 1393 auriculae,
1373 1347 1501 1397 atque
1533 1341 1721 1397 ligaturae
1741 1340 1784 1381 in

330 1408 482 1464 quibus
498 1409 694 1464 opercula
712 1408 908 1464 pendent,
928 1414 970 1449 et
990 1408 1024 1449 si
1044 1408 1199 1465 aliquid
1215 1408 1404 1450 foramen
1420 1409 1461 1449 in
1478 1408 1587 1450 fusili
1603 1408 1786 1464 ampulla

331 1489 404 1530 per
424 1476 719 1532 negligentiam
741 1476 975 1531 contigerit.

671 1864 978 1927 CAPUT
1053 1864 1447 1927 LXXXIX

747 2020 808 2046 DE
840 2020 1088 2049 FUNDENDO
1121 2021 1384 2049 EFFUSORIO.

439 2128 634 2172 OTEST-
650 2129 776 2170 etiam
804 2129 1045 2171 effusorium
1074 2129 1194 2171 facile
1220 2130 1279 2171 ita
1299 2130 1482 2183 formari,
1512 2136 1560 2172 ut
1585 2131 1791 2175 incidatur

468 2197 595 2239 fissile
624 2196 786 2253 lignum
816 2197 1055 2249 rotundum,
1086 2203 1128 2238 et
1157 2197 1314 2239 foretur
1343 2198 1507 2240 terebro
1537 2198 1580 2240 in
1610 2200 1790 2256 longitu-

335 2267 447 2318 dine,
477 2280 562 2306 non
592 2278 725 2321 usque
745 2264 967 2316 adfinem,
998 2271 1040 2306 et
1060 2264 1243 2306 findatur
1272 2279 1344 2321 per
1373 2265 1572 2317 medium,
1602 2272 1727 2323 atque
1746 2267 1790 2309 in

336 2335 499 2390 integro
516 2333 586 2374 illo
603 2332 804 2374 formetur
819 2333 1022 2384 foramen,
1051 2332 1117 2373 cui
1133 2326 1285 2373 ferrum
1314 2333 1540 2374 rotundum
1560 2335 1789 2376 secundum

337 2400 575 2442 interiorem
606 2399 924 2455 amplitudinem
945 2399 1147 2451 infusorii,
1168 2400 1283 2441 tenui
1303 2400 1451 2457 argilla
1472 2401 1620 2442 illitum
1650 2401 1791 2458 injun-

338 2473 473 2524 gatur,
504 2472 547 2508 et
566 2466 666 2509 foris
687 2467 822 2509 valide
842 2466 1163 2523 circumligetur,
1185 2473 1480 2525 stagnumque,
1499 2469 1556 2510 illi
1576 2470 1792 2523 calefacto,

339 2533 595 2575 infundatur.
658 2533 757 2582 Quo
774 2533 1016 2591 refrigerato
1044 2535 1204 2591 lignum
1225 2536 1424 2587 solvatur,
1445 2542 1488 2577 et
1507 2537 1660 2578 sermm
1680 2538 1793 2594 ejici-

341 2610 450 2655 atur,
471 2602 795 2659 effusoriumque
822 2602 1012 2644 limatum
1034 2609 1076 2644 et
1095 2603 1325 2659 planatum,
1347 2604 1474 2646 modo
1494 2619 1579 2661 quo
1606 2606 1793 2662 superius

343 2671 500 2712 dictum
522 2676 597 2722 est,
618 2670 707 2712 vasi
728 2669 1023 2712 consolidetur.
