1970 3202
273 240 357 281 260
736 254 989 282 THEOPHILI
1023 254 1162 281 LIBER
1194 254 1264 281 111.

270 353 397 394 terius
427 353 587 394 fulvum
618 355 800 395 colorem
836 354 1052 409 recipiant,
1088 354 1289 409 nigellum
1323 358 1462 395 autem
1495 352 1661 394 limabis
1691 358 1734 394 et

269 420 401 476 polies
451 421 559 462 sicut
608 422 808 477 superius.
872 422 1037 462 Deinde
1084 423 1295 478 conjunge
1341 422 1546 463 auriculas
1586 434 1734 461 unam-

269 502 481 545 quamque
501 489 544 530 in
571 504 647 530 suo
669 490 778 539 loco,
800 495 842 531 et
862 495 977 530 trans
1005 490 1225 541 foramina,
1246 505 1339 546 quae
1358 490 1399 530 in
1422 489 1480 530 eis
1501 493 1611 539 sunt,
1633 502 1734 529 con-

270 556 354 611 fige
385 571 456 598 eas
486 557 621 598 aureis
652 558 781 599 clavis
811 573 908 599 cum
938 559 1083 614 gracili
1109 560 1261 600 malleo
1293 559 1400 600 ferro
1429 558 1609 613 desuper
1635 556 1733 597 feri-

269 624 394 675 endo,
424 630 466 665 et
495 625 625 666 altero
658 625 765 666 ferro
796 626 1013 681 subposito
1044 626 1180 667 donec
1210 626 1382 667 firmiter
1411 630 1536 676 stent,
1566 630 1609 665 et
1631 624 1732 664 rade

269 690 490 747 diligenter
518 698 646 748 atque
675 693 762 748 poli
792 708 886 734 cum
919 693 1070 734 obtuso
1102 694 1211 735 ferro
1241 694 1354 749 ipsas
1383 707 1666 749 percussuras,
1686 698 1734 732 ut

269 773 394 801 nemo
415 761 626 816 percipere
646 761 791 816 possit,
811 761 989 817 qualiter
1010 761 1265 802 adhaereant.

663 1059 968 1123 CAPUT
1049 1060 1343 1122 XLIIL
1616 1086 1636 1101 ·

782 1208 843 1234 DE
874 1208 994 1234 PEDE
1025 1207 1200 1235 CALICIS
1207 1227 1216 1235 .

269 1305 478 1406 POST
499 1306 588 1347 haec
610 1321 728 1347 sume
759 1312 952 1362 quartam
982 1312 1144 1362 partem
1173 1307 1352 1362 argenti,
1374 1307 1534 1349 addens
1556 1308 1592 1348 ei
1613 1308 1730 1364 quic-

370 1373 467 1429 quid
490 1388 515 1414 a
535 1388 635 1414 vase
654 1374 808 1414 limasti
830 1380 871 1414 et
892 1374 1053 1425 rasisti3
1085 1381 1127 1415 et
1154 1374 1283 1415 funde
1304 1374 1450 1416 ordine
1471 1390 1555 1431 quo
1577 1390 1725 1431 supra3

265 1441 377 1481 unde
398 1441 526 1482 facies
547 1441 697 1497 pedem
728 1456 823 1482 cum
855 1442 968 1483 nodo
990 1442 1098 1483 sicut
1118 1443 1267 1498 pedem
1289 1443 1460 1483 minoris
1480 1443 1635 1494 calicis,
1656 1457 1728 1483 ex-

265 1515 390 1563 cepto
420 1509 534 1564 quod
564 1508 607 1548 in
638 1509 719 1550 hoc
749 1509 897 1564 majori
928 1510 1126 1550 formabis
1157 1516 1295 1551 costas
1317 1525 1342 1551 a
1361 1510 1579 1551 latitudine
1610 1510 1727 1565 pedis

264 1577 435 1618 inferius
456 1577 732 1618 ascendentes
753 1591 886 1633 usque
915 1578 969 1618 ad
996 1578 1169 1629 nodum,
1191 1593 1296 1634 quas
1317 1578 1512 1620 dimidias
1533 1578 1728 1634 denigra-

265 1645 343 1696 bis,
365 1651 408 1686 et
430 1645 532 1685 alias
562 1645 694 1686 fodies
725 1651 767 1686 et
796 1645 1017 1687 deaurabis
1049 1652 1174 1702 atque
1205 1646 1342 1687 modis
1374 1646 1568 1688 omnibus
1599 1646 1726 1688 deco-

265 1713 376 1754 rabis
397 1713 504 1754 sicut
523 1713 564 1752 in
586 1727 698 1754 vase.
757 1712 854 1762 Quo
876 1714 1059 1769 perfecto
1081 1715 1249 1755 anulum
1271 1729 1452 1771 quoque,
1474 1714 1546 1770 qui
1566 1728 1727 1769 ponen-

265 1780 344 1821 dus
373 1787 439 1822 est
469 1781 575 1822 inter
603 1796 677 1822 vas
708 1787 750 1822 et
780 1782 953 1832 nodum,
985 1782 1206 1824 deaurabis
1242 1788 1369 1838 atque
1406 1782 1653 1838 conjunges,
1684 1787 1726 1823 et

265 1849 452 1903 configes
473 1849 581 1890 sicut
601 1849 804 1891 minorem
826 1850 1011 1891 calicem.

680 2136 984 2200 CAPUT
1067 2135 1319 2198 XLIV

806 2293 811 2296 “
851 2288 912 2314 DE
943 2286 1133 2314 PATENA.

264 2398 579 2497 DEINDE
613 2399 813 2455 quicquid
850 2398 1003 2439 residui
1040 2398 1163 2439 fuerit
1197 2399 1373 2455 argenti,
1410 2399 1566 2441 funde:
1608 2400 1719 2442 unde

408 2467 534 2508 facies
555 2473 769 2522 patenam.
832 2466 974 2515 Quam
996 2481 1090 2507 cum
1114 2466 1407 2517 attenuaveris,
1429 2467 1496 2507 fac
1516 2467 1559 2507 in
1579 2468 1718 2509 medio

260 2535 348 2590 ejus
369 2534 567 2576 circulum
589 2535 819 2576 secundum
850 2534 1114 2575 latitudinem
1141 2534 1296 2586 calicis,
1317 2541 1360 2576 et
1379 2535 1487 2576 infra
1506 2535 1619 2577 hunc
1640 2537 1718 2578 cir-

258 2603 397 2643 culum
430 2603 574 2644 metire
605 2610 702 2644 octo
732 2602 866 2658 spatia
895 2602 1111 2659 aequaliter
1140 2602 1286 2654 divisa,
1318 2609 1360 2644 et
1388 2603 1431 2644 in
1460 2618 1717 2661 unoquoque

258 2671 391 2724 spatio
413 2671 479 2711 fac
510 2671 708 2712 circulum
740 2671 974 2722 dimidium,
1006 2676 1051 2711 ut
1080 2671 1163 2712 sint
1186 2671 1306 2727 quasi
1336 2677 1432 2712 octo
1453 2686 1588 2723 arcus,
1609 2688 1716 2728 quos

255 2752 351 2778 cum
383 2739 562 2780 rotundo
599 2740 750 2781 malleo
785 2740 991 2795 percuties
1026 2739 1160 2780 donec
1197 2739 1288 2781 cavi
1323 2740 1439 2791 fiant,
1473 2746 1516 2780 et
1543 2740 1714 2782 inferius

256 2806 398 2847 ductili
423 2821 548 2862 opere
578 2808 783 2862 percuties
813 2809 992 2864 angulos
1021 2808 1129 2849 inter
1157 2808 1270 2863 ipsos
1300 2822 1436 2859 arcus,
1467 2814 1510 2850 et
1537 2808 1713 2850 limbum

253 2875 362 2929 circa
412 2889 484 2916 eos
532 2875 752 2917 latitudine
801 2876 973 2918 minoris
1018 2877 1198 2932 ungulae,
1248 2876 1320 2932 qui
1360 2890 1485 2931 super
1530 2875 1712 2918 emineat
