1970 3202
276 230 361 269 376
723 243 973 270 Tnaor’mm
1010 244 1147 271 Lmen
1179 244 1250 271 111.

743 667 1046 731 CAPUT
1123 670 1259 731 XC.

880 822 940 848 DE
971 822 1132 850 FERRO.

282 932 604 1030 FERRUM
628 932 813 973 nascitur
842 933 884 973 in
914 938 1023 974 terra
1043 933 1086 973 in
1106 934 1280 975 modum
1300 934 1499 989 lapidum,
1521 935 1650 991 quod,
1672 935 1732 976 ef-

407 999 565 1041 fossum
591 1000 741 1041 eodem
771 1000 898 1041 modo
927 1015 1012 1056 quo
1042 1015 1216 1056 cuprum
1247 1001 1437 1056 superius
1466 1001 1671 1057 frangitur
1690 1007 1733 1043 et

277 1069 319 1109 in
353 1082 514 1109 massas
547 1067 833 1119 confunditur,
855 1068 1006 1109 deinde
1034 1068 1077 1108 in
1097 1068 1267 1109 fornace
1287 1068 1443 1109 ferrarii
1474 1069 1668 1125 liquatur,
1690 1075 1733 1110 et

278 1137 508 1192 percutitur
536 1141 584 1177 ut
613 1142 759 1191 aptum
789 1137 865 1176 fiat
893 1135 1116 1191 unicuique
1147 1136 1275 1191 operi.
1348 1135 1493 1177 Calibs
1530 1136 1681 1177 dicitur
1707 1151 1733 1177 a

279 1210 423 1245 monte
444 1203 606 1255 Calibe,
636 1204 677 1243 in
701 1218 785 1259 quo
806 1204 896 1259 ejus
916 1218 1016 1244 usus
1036 1204 1237 1259 plurimus
1257 1204 1464 1245 invenitur
1476 1221 1487 1255 ;
1518 1204 1589 1260 qui
1610 1204 1733 1244 simili

278 1272 406 1312 modo
436 1277 680 1327 preparatur
697 1277 746 1312 ut
765 1272 877 1327 operi
907 1277 1031 1326 aptus
1052 1271 1138 1312 fiat.
1200 1270 1309 1312 Cum
1331 1286 1431 1327 ergo
1453 1272 1605 1312 ferrum
1627 1287 1733 1328 prae-

279 1339 490 1393 paraveris
531 1344 574 1379 et
612 1339 709 1379 inde
748 1339 940 1390 calcaria,
987 1339 1074 1380 sive
1113 1344 1263 1380 caetera
1301 1340 1506 1395 equestria
1540 1340 1733 1381 utensilia

278 1406 439 1457 feceris,
472 1412 515 1447 et
543 1421 594 1447 ea
625 1420 727 1447 auro
761 1407 827 1447 vel
859 1413 1037 1461 argento
1067 1407 1264 1448 decorare
1294 1407 1489 1458 volueris,
1519 1422 1637 1449 sume
1668 1422 1734 1448 ar-

255 1496 257 1498 ·
279 1478 453 1529 gentum
482 1473 764 1529 purissimum,
796 1480 838 1515 et
867 1475 1136 1529 percutiendo
1166 1475 1289 1516 valde
1317 1480 1500 1516 attenua.
1562 1474 1733 1516 Deinde

279 1541 438 1583 habeas
460 1542 640 1583 rotulam
660 1542 843 1597 ligneam
864 1543 917 1583 de
935 1557 1108 1599 quercu,
1127 1542 1389 1598 longitudine
1404 1542 1522 1598 pedis
1541 1542 1671 1583 latam
1691 1547 1734 1584 et

279 1613 505 1661 tornatam,
526 1625 620 1666 quae
651 1610 705 1651 sit
733 1610 777 1650 in
808 1610 980 1651 circuitu
1009 1610 1146 1651 tenuis
1176 1615 1218 1650 et
1246 1610 1289 1650 in
1313 1610 1453 1651 medio
1483 1625 1536 1651 ex
1555 1616 1733 1666 utraque

280 1683 397 1732 parte
418 1678 612 1734 spissam,
632 1678 705 1719 ubi
725 1678 763 1719 ei
784 1678 897 1719 aliud
918 1678 1080 1734 lignum
1101 1692 1272 1719 curvum
1292 1678 1566 1734 transfigatur
1584 1678 1628 1719 in
1647 1693 1733 1734 quo

280 1746 414 1803 possit
434 1746 558 1797 volvi,
579 1746 646 1787 cui
667 1746 793 1788 etiam
814 1746 856 1787 in
879 1761 964 1787 una
984 1747 1224 1788 summitate
1245 1746 1358 1789 aliud
1377 1747 1538 1803 lignum
1559 1761 1733 1788 curvum

279 1820 518 1871 apponatur
552 1829 650 1856 cum
684 1829 768 1870 quo
809 1815 1139 1856 circumrotetur.
1199 1813 1393 1871 Cumque
1427 1814 1563 1870 ipsam
1597 1820 1732 1856 rotam

279 1882 487 1938 aptaveris
518 1882 626 1923 inter
660 1882 766 1923 duas
799 1883 1113 1938 columpnellas‚
1150 1883 1217 1924 fac
1251 1882 1361 1923 circa
1391 1897 1508 1924 oram
1538 1883 1627 1938 ejus
1658 1897 1733 1924 ex-

277 1950 406 1991 terius
434 1950 638 1991 incisuras
669 1950 711 1990 in
744 1950 919 1991 modum
954 1950 1124 2006 gradus,
1154 1965 1248 2006 quae
1278 1953 1387 1993 retro
1417 1950 1657 2006 respiciunt,
1687 1957 1734 1992 ut

279 2018 381 2074 ipsae
420 2019 712 2074 columpnellae
760 2017 803 2058 in
848 2017 1001 2074 quibus
1050 2023 1142 2059 rota
1182 2018 1379 2074 vergitur,
1429 2018 1603 2060 firmiter
1651 2019 1735 2060 sint

279 2086 373 2126 fixae
414 2101 538 2141 super
577 2100 798 2127 scamnum
834 2086 876 2127 in
913 2085 1144 2138 latitudine,
1186 2085 1245 2127 ita
1284 2091 1331 2126 ut
1365 2100 1538 2127 curvum
1572 2086 1732 2142 lignum

281 2147 335 2195 ad
367 2153 582 2195 dexteram
615 2168 765 2194 manus
802 2153 867 2194 sit.
929 2152 1022 2195 Stet
1053 2169 1220 2210 quoque
1256 2153 1393 2195 adhuc
1427 2168 1512 2195 una
1544 2154 1733 2209 colump-

279 2221 389 2262 nella
423 2221 477 2262 ad
513 2220 721 2262 sinistram
758 2235 930 2262 manum
965 2221 1008 2262 in
1043 2221 1239 2263 anteriori
1273 2227 1390 2277 parte
1423 2222 1548 2277 juxta
1583 2226 1732 2273 rotam,

278 2289 322 2329 in
355 2303 438 2344 qua
473 2288 527 2329 sit
558 2290 690 2329 fixum
725 2288 879 2344 gracile
910 2289 1085 2345 lignum,
1116 2289 1173 2330 ita
1206 2295 1254 2330 ut
1281 2304 1405 2345 super
1434 2296 1566 2331 rotam
1591 2289 1734 2344 jaceat

279 2359 321 2396 et
353 2354 510 2396 habeat
543 2354 586 2395 in
621 2355 859 2397 summitate
894 2370 970 2397 sua
1002 2355 1247 2412 particulam
1281 2358 1441 2409 calibis,
1474 2358 1732 2414 longitudine

280 2428 321 2464 et
355 2422 573 2464 latitudine
608 2424 777 2479 majoris
810 2424 974 2480 unguis,
1006 2425 1180 2466 firmiter
1214 2440 1288 2481 per
1321 2426 1509 2467 foramen
1543 2426 1732 2478 infixam,

280 2496 321 2532 et
356 2491 479 2533 valde
524 2497 707 2542 acutam,
747 2491 804 2532 ita
867 2497 913 2532 ut
951 2507 1047 2533 cum
1087 2498 1178 2534 rota
1214 2493 1391 2535 volvitur
1429 2494 1532 2535 illud
1571 2494 1732 2550 lignum

281 2572 446 2614 semper
466 2558 591 2599 cadat
610 2559 664 2599 ab
694 2573 778 2600 uno
802 2559 936 2615 gradu
964 2559 1008 2600 in
1038 2561 1227 2612 alterum,
1249 2567 1296 2602 ut
1314 2561 1380 2602 sic*
1394 2562 1581 2603 vibratus
1602 2562 1733 2603 calibs

279 2625 477 2681 quicquid
528 2626 752 2682 adponitur
799 2627 967 2670 incidat.
1038 2627 1149 2669 Cum
1191 2631 1288 2671 vero
1337 2629 1547 2671 limaveris
1596 2630 1735 2671 calcar

279 2707 409 2734 unum
430 2694 655 2750 aequaliter,
677 2709 787 2750 pone
816 2695 917 2737 illud
937 2710 1061 2752 super
1081 2696 1285 2737 carbones
1306 2696 1499 2738 ardentes
1519 2697 1654 2739 donec
1671 2698 1734 2738 ni—

281 2767 459 2817 grescat,
490 2762 862 2819 refrigeratumque
890 2768 987 2805 tene
1021 2763 1150 2805 mann
1180 2763 1349 2806 sinistra
1377 2770 1420 2806 et
1449 2771 1583 2806 rotam
1610 2765 1732 2806 volve

281 2828 442 2879 dextra,
474 2830 797 2886 appositumque
828 2830 965 2883 calibi,
997 2830 1132 2872 incide
1161 2832 1366 2874 subtiliter
1392 2847 1465 2889 per
1492 2832 1634 2874 omnia
1661 2848 1732 2874 ex-
