1970 3202
282 278 366 320 346
748 291 997 319 THEOPHILI
1032 289 1167 317 LIBER
1199 290 1268 317 111.

280 393 466 434 foramen
507 393 854 449 quadrangulum,
894 392 1166 448 amplitudine
1207 395 1385 448 quatuor
1422 388 1647 444 digitorum
1683 380 1736 428 et*

281 460 389 502 circa
421 462 535 517 quod
570 461 823 518 reliquantur
857 461 908 502 de
944 461 1091 502 eodem
1122 461 1236 515 ligno
1264 458 1429 508 limbus,
1457 457 1579 497 unius
1606 455 1723 511 digiti

282 529 509 571 latitudinis
536 536 577 571 et
607 530 848 580 altitudinis,
879 529 922 570 in
947 544 1030 586 quo
1058 527 1346 570 conflatorium
1377 526 1609 581 inponatur,
1671 524 1722 564 In

282 597 481 653 superiori
509 604 624 654 parte
643 601 740 641 vero
770 598 908 639 lateris
936 599 1039 639 fiant
1066 602 1285 648 cavaturae,
1307 610 1379 652 per
1400 609 1503 651 quas
1523 594 1647 634 flatus
1668 593 1722 634 ad

282 667 443 708 fistulas
470 667 602 723 possit
620 667 844 723 pervenire.
904 667 1046 707 Altera
1066 679 1163 706 vero
1194 679 1289 720 pars
1318 664 1432 720 ligni,
1463 678 1555 719 quae
1584 668 1626 703 et
1655 677 1726 702 su-

283 735 431 790 periori
451 749 542 776 esse
562 735 700 786 debet,
721 734 914 776 metiatur
928 734 1098 775 interius
1119 733 1342 789 aequaliter,
1362 732 1433 772 ubi
1453 731 1726 786 disponantur

283 808 441 858 septem
461 803 526 843 vel
552 808 647 843 octo
676 808 896 853 cavaturae,
921 801 961 842 in
984 801 1135 858 quibus
1156 801 1373 857 diligenter
1393 800 1623 855 jungantur
1648 798 1725 838 lin-

283 886 390 927 guae,
419 871 477 912 ita
506 876 552 912 ut
582 870 765 911 habeant
793 870 957 911 facilem
992 884 1157 911 cursum
1188 869 1390 910 educendi
1419 874 1460 909 et
1490 866 1725 917 reducendi,

284 937 343 979 sic
363 944 504 978 tamen
525 943 571 978 ut
591 937 717 978 nichil
738 937 973 993 spiraminis
994 937 1099 978 inter
1114 938 1333 993 juncturas
1355 943 1487 978 exeat.

346 1140 397 1181 In
418 1138 616 1195 superiori
643 1144 783 1180 autem
800 1145 916 1194 parte
936 1138 1064 1179 tonde
1089 1144 1309 1189 cavaturae,
1331 1143 1476 1179 contra
1500 1137 1726 1188 inferiores,

286 1224 379 1267 quae
409 1208 492 1250 sint
521 1207 823 1264 aliquantulum
853 1207 1033 1258 latiores,
1065 1207 1108 1247 in
1129 1207 1279 1263 quibus
1302 1207 1534 1263 jungantur
1553 1205 1728 1247 totidem

286 1277 414 1333 ligna,
449 1276 508 1317 ita
538 1282 585 1317 ut
618 1276 725 1317 inter
759 1276 849 1317 haec
882 1281 924 1317 et
957 1276 1108 1332 majus,
1144 1274 1245 1331 ligni
1286 1280 1484 1317 cavatura
1518 1279 1731 1315 remaneat

287 1360 434 1397 vacua,
467 1359 540 1401 per
559 1351 707 1386 ventus
738 1344 936 1386 ascendat
960 1344 1015 1385 ad
1041 1344 1214 1396 fistulas,
1234 1358 1333 1385 nam
1356 1344 1399 1384 in
1425 1343 1581 1385 eisdem
1609 1342 1730 1399 lignis

288 1414 492 1456 foramina
530 1414 618 1454 fieri
662 1413 828 1464 debent,
868 1414 910 1454 in
951 1413 1099 1469 quibus
1139 1414 1287 1454 fistulae
1326 1412 1582 1454 stabiliendae
1621 1416 1730 1452 sunt.

290 1481 509 1523 Cavaturae
540 1482 581 1522 in
615 1482 765 1538 quibus
800 1482 951 1537 linguae
980 1482 1137 1538 junctae
1169 1487 1267 1523 sunt
1295 1482 1338 1522 in
1373 1479 1567 1522 anteriori
1601 1486 1734 1535 parte,

288 1551 512 1607 procedere
533 1550 714 1592 debeant
745 1551 865 1607 quasi
884 1551 1062 1607 obliquae
1082 1551 1286 1602 fenestrae,
1312 1565 1385 1607 per
1408 1565 1512 1607 quas
1537 1549 1637 1606 ipsae
1656 1549 1733 1589 lin-

290 1634 383 1675 guae
404 1619 718 1661 introducantur
739 1627 781 1660 et
800 1619 1082 1661 extrahantur.

352 1869 401 1909 In
419 1869 635 1925 posteriori
647 1884 745 1911 vero
760 1875 891 1926 parte,
907 1869 984 1911 sub
997 1871 1080 1911 fine
1093 1870 1275 1926 ipsarum
1290 1870 1539 1927 linguarum,
1556 1871 1661 1912 fiant
1675 1871 1741 1928 fo·-

292 1938 452 1979 ramina
467 1938 680 1995 aequaliter
694 1939 779 1979 lata
794 1944 836 1979 et
850 1939 990 1995 longa,
1009 1953 1201 1980 mensura
1217 1939 1394 1980 duorum
1410 1939 1648 1996 digitorum,
1665 1955 1738 1996 per

292 2022 396 2064 quas
412 2013 559 2048 ventus
578 2007 710 2062 possit
724 2007 947 2048 ascendere
963 2007 1016 2048 ab
1032 2006 1291 2049 inferioribus
1308 2008 1362 2048 ad
1379 2008 1603 2064 superiora,
1620 2008 1677 2049 ita
1693 2015 1740 2049 ut

292 2091 387 2117 cum
408 2075 560 2131 linguae
576 2075 873 2131 impinguntur,
894 2076 963 2117 illa
979 2075 1182 2118 foramina
1202 2077 1255 2118 ab
1272 2077 1330 2118 eis
1347 2077 1626 2129 obstruantur,
1643 2092 1736 2118 cum

292 2143 390 2185 vero
406 2143 628 2184 trahuntur
643 2144 777 2186 denuo
793 2150 977 2200 pateant.
1025 2144 1075 2185 In
1091 2144 1156 2186 his
1170 2159 1267 2186 vero
1282 2144 1404 2201 lignis
1420 2160 1513 2201 quae
1529 2160 1652 2201 super
1663 2145 1740 2186 lin-

293 2227 397 2269 guas
412 2213 647 2268 junguntur
662 2213 766 2253 fiant
780 2212 984 2254 foramina
1000 2212 1218 2269 diligenter
1235 2219 1277 2254 et
1292 2213 1493 2266 ordinate,
1510 2214 1738 2255 secundum

293 2296 510 2322 numerum
527 2282 773 2333 fistularum,
791 2281 1113 2338 uniuscujusque
1129 2281 1229 2333 toni,
1250 2281 1294 2322 in
1314 2281 1464 2338 quibus
1478 2282 1579 2338 ipsae
1593 2283 1740 2324 fistulae

293 2350 575 2405 imponantur,
609 2349 666 2390 ita
696 2355 743 2390 ut
772 2350 945 2391 firmiter
974 2356 1096 2402 stent,
1127 2356 1169 2391 et
1202 2351 1256 2392 ab
1285 2351 1545 2393 inferioribus
1572 2357 1739 2392 ventum

294 2418 533 2474 suscipiant.
595 2418 646 2476 In
666 2417 810 2459 caudis
837 2424 976 2459 autem
1000 2418 1234 2474 linguarum
1264 2419 1494 2460 scribantur
1512 2419 1656 2461 litterae
1678 2434 1742 2461 se-

295 2486 478 2527 cundum
513 2501 732 2528 ascensum
763 2492 805 2528 et
834 2487 1094 2538 descensum,
1128 2493 1273 2528 cantus
1300 2487 1451 2543 quibus
1481 2488 1613 2543 possit
1643 2503 1743 2543 cog-

295 2554 414 2595 nosci
440 2554 534 2611 quis
564 2555 643 2607 ille,
672 2555 738 2596 vel
765 2554 833 2596 ille
859 2560 984 2596 tonus
1015 2555 1079 2596 sit.
1141 2555 1192 2596 In
1224 2556 1397 2612 singulis
1424 2563 1561 2598 autem
1591 2557 1743 2614 linguis

296 2623 400 2663 fiant
424 2623 629 2665 foramina
657 2623 820 2679 singula
844 2623 1025 2678 gracilia,
1051 2624 1310 2680 longitudine
1337 2625 1495 2666 dimidii
1521 2626 1638 2682 digiti
1668 2625 1744 2666 mi-

297 2691 422 2742 noris,
448 2691 491 2732 in
516 2692 721 2733 anteriore
745 2697 874 2747 parte,
899 2692 1020 2748 juxta
1049 2692 1203 2733 caudas
1230 2693 1272 2733 in
1298 2693 1569 2750 longitudine,
1590 2694 1632 2734 in
1651 2693 1744 2750 qui-

296 2759 375 2800 bus
397 2766 604 2815 ponantur
624 2760 775 2816 singuli
804 2760 909 2801 clavi
939 2760 1078 2816 cuprei
1099 2761 1281 2817 capitati,
1303 2762 1373 2818 qui
1394 2768 1680 2819 pertranseant
1700 2762 1743 2802 in

298 2828 435 2869 medio
462 2828 711 2880 fenestallas‚
742 2829 893 2884 quibus
922 2829 1172 2870 inducuntur
1199 2830 1299 2886 ipsae
1328 2831 1479 2887 linguae
1500 2846 1525 2872 a
1546 2831 1743 2887 superiori

297 2897 424 2936 latere
446 2896 594 2938 domus
617 2912 745 2953 usque
774 2897 826 2938 ad
854 2897 1035 2949 inferius,
1058 2903 1099 2939 et
1123 2905 1351 2955 appareant
1374 2900 1582 2941 clavorum
1606 2900 1743 2956 capita
