1970 3202
283 252 366 292 244
747 264 998 292 THEOPHILI
1031 264 1166 291 LIBER
1193 264 1261 290 111.

643 545 948 608 CAPUT
1015 544 1364 607 XXXIII.

758 691 818 718 DE
848 689 1093 723 COQUENDO
1124 689 1246 717 AURO
1253 707 1261 716 .

284 789 541 890 TOLLE
573 805 720 830 aurum
748 790 1038 845 qualecunque
1070 789 1136 839 sit,
1158 793 1200 828 et
1226 792 1400 849 percute¹
1422 786 1557 827 donec
1587 791 1734 827 tenues

403 857 569 898 laminae
597 858 713 908 fiant,
743 857 960 897 latitudine
992 856 1116 896 trium
1146 855 1371 911 digitorum
1405 859 1447 895 et
1475 854 1734 909 longitudine

283 930 487 979 quantum
523 922 672 979 possis.
736 924 903 965 Deinde
939 923 1075 965 incide
1110 928 1250 978 partes
1285 929 1331 962 ut
1367 936 1485 978 aeque
1515 922 1653 977 longae
1693 927 1735 962 et

282 992 377 1032 latae
407 992 504 1043 sint,
536 999 578 1034 et
609 993 819 1048 conjunge
851 1007 922 1033 eas
953 992 1108 1048 pariter
1138 997 1264 1048 atque
1294 991 1460 1047 perfora
1489 1006 1563 1046 per
1593 991 1735 1032 omnia

283 1073 378 1100 cum
397 1060 555 1101 rasorio
577 1060 684 1101 ferro
706 1060 833 1101 tenui.
896 1059 1053 1101 Postea
1074 1060 1217 1115 accipe
1237 1059 1342 1100 duas
1362 1065 1492 1100 testas
1525 1060 1617 1100 011ae
1636 1059 1734 1115 igne

283 1127 481 1180 probatas
502 1133 630 1168 tantae
652 1127 952 1183 magnitudinis
972 1133 1019 1168 ut
1039 1142 1186 1168 aurum
1213 1127 1256 1168 in
1278 1127 1337 1168 eis
1358 1127 1491 1183 possit
1516 1128 1671 1183 jacere,
1694 1135 1735 1169 et

284 1192 429 1249 frange
461 1196 646 1250 tegulam
679 1195 931 1246 minutatim,
963 1196 1049 1237 sive
1082 1196 1272 1251 argillam
1309 1195 1490 1237 fornacis
1520 1211 1658 1238 arsam
1694 1202 1736 1237 et

282 1260 573 1313 rubicundam,
612 1263 916 1305 comminutam
957 1263 1145 1319 pondera
1183 1263 1227 1305 in
1267 1263 1372 1305 duas
1413 1270 1554 1320 partes
1594 1280 1735 1321 aequa-

284 1328 358 1379 leS,
399 1335 441 1370 et
479 1330 589 1371 adde
622 1331 658 1371 ei
691 1331 855 1371 tertiam
890 1337 1051 1387 partem
1093 1332 1190 1373 salis
1223 1332 1374 1373 eodem
1409 1333 1608 1389 pondere,
1641 1348 1735 1389 quae

286 1399 449 1440 modice
479 1414 651 1455 aspersa
683 1415 779 1441 cum
811 1400 931 1441 urina
962 1401 1284 1442 commisceatur
1314 1401 1386 1452 ita,
1409 1407 1453 1442 ut
1485 1416 1570 1442 non
1595 1402 1735 1443 adhae-

284 1473 403 1509 reant
432 1468 525 1519 sibi,
553 1468 626 1509 sed
657 1468 726 1508 vix
758 1469 929 1509 madida
959 1468 1055 1517 sint,
1087 1473 1130 1509 et
1159 1468 1278 1508 mitte
1305 1468 1402 1509 inde
1431 1483 1579 1524 pamm
1612 1483 1737 1524 super

284 1551 410 1577 unam
434 1541 588 1576 testam
603 1536 730 1591 juxta
750 1536 1014 1577 latitudinem
1038 1535 1141 1587 auri,
1163 1536 1315 1577 deinde
1340 1535 1468 1591 ipsius
1497 1537 1586 1577 auri
1607 1552 1735 1578 unam

285 1609 460 1660 partem,
501 1618 747 1660 rursumque
787 1604 1108 1654 confectionem,
1150 1611 1191 1644 et
1228 1604 1378 1645 iterum
1424 1619 1570 1646 aurum
1621 1606 1734 1662 quod

285 1687 450 1727 semper
476 1672 739 1712 confectione
761 1672 819 1712 ita
839 1671 1116 1728 cooperiatur,
1137 1686 1190 1712 ne
1217 1686 1364 1712 aurum
1392 1686 1494 1713 auro
1522 1678 1735 1728 tangatur,

285 1741 427 1797 sicque
459 1740 584 1795 imple
612 1746 764 1780 testam
796 1755 929 1796 usque
954 1740 1008 1780 ad
1044 1754 1268 1788 summum,
1289 1746 1331 1780 et
1357 1740 1536 1795 desuper
1565 1742 1735 1796 cooperi

285 1823 381 1850 cum
402 1808 534 1848 altera
553 1813 678 1859 testa,
700 1822 805 1864 quas
826 1808 1047 1863 diligenter
1076 1807 1352 1848 circumlinies
1373 1807 1521 1862 argilla
1543 1808 1675 1850 mixta
1694 1815 1736 1849 et

286 1875 508 1926 macerata,
530 1890 744 1931 ponesque
765 1876 817 1916 ad
839 1876 995 1931 ignem,
1018 1882 1064 1916 ut
1084 1875 1272 1916 siccetur.
1335 1875 1509 1916 Interim
1529 1891 1735 1931 compone

285 1943 451 1983 furnum
474 1958 525 1983 ex
547 1943 756 1998 lapidibus
789 1948 831 1983 et
863 1943 1023 1998 argilla,
1045 1943 1264 1984 altitudine
1297 1943 1474 1985 duorum
1506 1945 1674 1999 pedum,
1695 1952 1737 1987 et

284 2011 503 2051 latitudine
554 2011 672 2066 pedis
713 2017 756 2051 et
794 2011 969 2062 dimidii,
1007 2010 1178 2052 inferius
1223 2012 1368 2062 latum,
1410 2013 1598 2066 superius
1638 2028 1736 2054 vero

284 2079 488 2129 strictum,
520 2079 592 2119 ubi
623 2079 812 2120 foramen
846 2079 900 2119 sit
932 2079 974 2119 in
1007 2078 1161 2129 medio,
1193 2078 1234 2118 in
1265 2094 1350 2135 quo
1381 2080 1624 2121 eminebunt
1653 2088 1735 2122 tres

284 2147 443 2201 lapides
463 2147 674 2201 longiores
696 2154 738 2187 et
757 2147 862 2197 duri,
884 2147 955 2203 qui
988 2147 1151 2202 possint
1170 2147 1387 2187 flammam
1419 2147 1489 2188 diu
1518 2149 1734 2200 sustinere,

283 2228 407 2268 super
440 2229 547 2269 quos
575 2229 706 2269 pones
736 2220 866 2256 testas
897 2230 992 2255 cum
1028 2229 1143 2265 auro,
1172 2221 1214 2255 et
1249 2215 1463 2270 cooperies
1495 2216 1586 2256 aliis
1617 2217 1735 2257 testis

285 2282 565 2322 abundanter.
628 2282 794 2322 Deinde
814 2291 1018 2337 ⁴suppone
1051 2282 1193 2338 ignem
1229 2289 1272 2322 et
1303 2283 1430 2338 ligna,
1470 2289 1513 2324 et
1551 2298 1652 2324 cave
1683 2298 1735 2324 ne

285 2349 453 2390 deficiat
473 2349 581 2404 ignis
602 2350 799 2404 copiosus
820 2364 894 2404 per
914 2350 1093 2405 spatium
1117 2349 1198 2390 diei
1219 2364 1268 2390 ac
1290 2350 1436 2391 noctis.
1483 2350 1615 2391 Mane
1637 2365 1734 2391 vero

284 2417 441 2458 eiciens
471 2431 632 2468 aurum,
654 2432 817 2458 rursum
851 2418 993 2468 funde,
1015 2423 1187 2472 percute
1213 2423 1255 2458 et
1286 2417 1454 2472 impone
1475 2417 1599 2459 furno
1629 2418 1736 2458 sicut

284 2485 411 2540 prius.
445 2485 604 2525 Iterum
624 2491 767 2526 autem
788 2491 884 2540 post
903 2486 1015 2526 diem
1038 2491 1205 2526 noctem
1226 2485 1354 2536 aufer,
1375 2491 1418 2525 et
1438 2484 1674 2526 admiscens
1697 2485 1733 2526 ei

286 2553 496 2595 modicum
538 2553 668 2608 cupri,
690 2553 819 2594 funde
849 2553 961 2594 sicut
990 2552 1118 2608 prius,
1140 2558 1183 2593 et
1212 2566 1374 2607 repone
1404 2566 1528 2608 super
1545 2552 1731 2593 furuum.

284 2621 477 2677 Cumque
512 2621 634 2663 tertio
671 2621 927 2677 deposueris,
955 2621 1051 2662 lava
1086 2620 1306 2676 diligenter
1339 2626 1383 2661 et
1422 2620 1557 2672 sicca;
1590 2620 1734 2677 sicque

284 2690 519 2744 ponderans
541 2690 633 2730 vide
656 2686 856 2745 quantum
880 2689 999 2739 desit,
1016 2688 1167 2729 deinde
1189 2688 1393 2743 complica
1415 2695 1456 2729 et
1475 2703 1607 2730 serva.
