1970 3202
205 273 289 314 216
667 287 919 315 THEOPHILI
953 287 1090 314 LIBER
1123 286 1192 314 111.

684 446 1174 509 CAPUTIX.

362 603 421 630 DE
452 603 773 631 INSTRUMENTO
803 604 928 636 QUOD
959 602 1261 631 ORGANARIUM
1292 602 1497 630 DICITUR.

308 702 373 744 ST
393 703 518 744 etiam
536 703 855 744 instrumentum
872 704 1063 756 ferreum,
1080 704 1194 760 quod
1211 705 1475 760 organarium
1491 703 1657 754 dicitur,

336 771 448 826 quod
470 776 638 811 constat
657 771 821 812 duobus
842 771 973 821 ferris,
994 786 1078 812 uno
1098 771 1283 823 inferius,
1300 772 1430 813 altero
1446 771 1654 827 superius;

201 838 274 878 sed
293 852 387 892 pars
403 837 572 878 inferior
585 838 713 878 habet
733 838 1056 893 grossitudinem
1072 844 1114 880 et
1133 839 1435 894 longitudinem
1455 839 1656 894 longioris

202 905 336 960 digiti,
359 911 401 946 et
421 910 485 946 est
504 905 804 961 aliquantulum
836 905 986 956 tenuis,
1004 905 1165 946 habens
1194 906 1279 946 duo
1304 905 1484 956 hastilia,
1505 905 1657 962 quibus

201 972 363 1027 lignum
384 972 526 1028 figitur
554 972 739 1024 inferius,
771 987 896 1028 supra
925 987 1019 1029 quae
1046 973 1089 1013 in
1114 973 1314 1028 superiori
1334 979 1452 1028 parte
1473 973 1658 1014 eminent

203 1041 287 1081 duo
308 1040 416 1082 clavi
436 1040 585 1096 grossi,
607 1040 679 1097 qui
699 1040 932 1096 suscipiunt
953 1040 1205 1095 superiorem
1230 1046 1388 1096 partem
1411 1040 1520 1092 ferri,
1542 1040 1656 1096 quod

201 1108 355 1149 ferrum
396 1108 525 1149 habet
564 1107 888 1164 grossitudinem
932 1114 975 1149 et
1012 1108 1318 1164 longitudinem
1359 1108 1575 1159 inferioris,
1615 1113 1658 1149 et

204 1176 332 1217 habet
362 1176 446 1217 duo
477 1176 695 1227 foramina,
728 1176 772 1216 in
805 1182 981 1232 utraque
1014 1175 1254 1217 summitate
1285 1190 1430 1226 unum,
1460 1190 1534 1231 per
1562 1190 1658 1232 quae

203 1244 288 1285 duo
309 1242 434 1284 clavil
456 1244 688 1299 superiores
708 1244 972 1295 inducantur,
988 1250 1035 1285 ut
1055 1244 1133 1285 sibi
1154 1244 1474 1299 conjungantur.
1520 1243 1658 1286 Valde

203 1312 314 1352 enim
345 1312 543 1367 conjungi
574 1312 730 1353 debent
761 1327 857 1353 cum
887 1312 1014 1364 lima;
1045 1312 1089 1352 in
1113 1312 1266 1368 quibus
1287 1311 1471 1368 utrisque
1491 1312 1657 1353 fodian-

201 1386 268 1421 tur
289 1380 470 1431 fossulae,
490 1379 547 1420 ita
568 1385 616 1420 ut
643 1395 716 1435 per
736 1380 919 1421 medium
941 1386 1170 1435 appareant
1191 1380 1410 1432 foramina,
1430 1386 1478 1421 ut
1497 1395 1593 1422 cum
1613 1380 1657 1420 in

202 1447 351 1503 majori
372 1452 590 1503 argentum
612 1448 676 1488 vel
707 1461 855 1488 aurum
884 1447 1062 1488 mittitur
1090 1448 1265 1503 longum
1295 1455 1337 1489 et
1356 1448 1570 1504 aequaliter
1591 1463 1658 1489 ro-

202 1516 380 1556 tundum
411 1529 667 1570 percussum,
698 1514 870 1556 feriatur
898 1516 1084 1571 superior
1116 1531 1213 1571 pars
1244 1516 1340 1557 ferri
1369 1516 1531 1558 fortiter
1560 1531 1657 1558 cum

202 1583 354 1624 malleo
376 1597 542 1634 corneo,
565 1588 606 1624 et
627 1583 759 1623 altera
779 1597 906 1624 manu
928 1574 1085 1624 rotetur
1106 1598 1253 1625 aurum
1274 1585 1338 1625 vel
1360 1591 1594 1640 argentum,
1616 1579 1679 1625 et*

203 1651 308 1691 fiant
341 1665 471 1706 grana
508 1651 687 1692 rotunda
718 1650 826 1692 sicut
860 1650 981 1703 fabae,
1016 1651 1060 1692 in
1083 1652 1287 1708 ‘sequenti
1321 1651 1524 1693 foramine
1554 1653 1659 1693 fiant

204 1720 323 1776 quasi
344 1719 448 1775 pisa,
468 1718 511 1760 in
532 1719 654 1761 tertio
677 1719 796 1775 quasi
818 1719 964 1771 lentes,
987 1725 1028 1761 et
1048 1721 1108 1762 sic
1129 1720 1302 1762 minora.

567 2120 585 2138 ·
714 2101 1016 2164 CAPUT
1080 2103 1154 2164 X.

605 2251 665 2278 DE
696 2252 822 2293 141M1s
854 2252 1067 2280 INFERIUS
1099 2252 1256 2280 Fossls.

310 2361 458 2402 IUNT
488 2362 616 2402 etiam
646 2361 742 2403 ferri
772 2362 947 2417 graciles
976 2370 1022 2403 ut
1051 2364 1225 2414 festuca,
1254 2363 1516 2419 longitudine
1538 2364 1658 2405 unius

337 2429 470 2484 digiti,
491 2429 663 2485 quadri3
695 2430 769 2470 sed
788 2430 832 2470 in
851 2444 938 2471 uno
953 2431 1081 2471 latere
1101 2431 1282 2481 latiores,
1298 2445 1475 2487 quorum
1498 2432 1657 2483 caudae,

206 2499 250 2539 in
280 2497 432 2555 quibus
461 2496 682 2538 manubria
711 2503 935 2553 ponuntur,
966 2503 1064 2539 sunt
1092 2513 1258 2539 sursum
1288 2513 1448 2550 curvae3
1485 2499 1658 2540 inferius

206 2572 347 2607 autem
380 2580 454 2620 per
485 2564 787 2621 longitudinem
818 2571 883 2606 est
910 2571 1067 2607 tractus
1101 2566 1239 2607 fossus
1269 2571 1311 2607 et
1340 2566 1507 2608 limatus
1537 2567 1657 2623 quasi

207 2635 361 2685 sulcus,
381 2640 424 2675 et
443 2648 495 2675 ex
515 2639 690 2689 utraque
706 2639 821 2689 parte
842 2634 931 2689 ejus
952 2640 1049 2675 sunt
1068 2639 1196 2675 costae
1211 2639 1344 2675 acutae
1359 2632 1524 2676 limatae.
1576 2635 1657 2677 His

205 2701 324 2743 ferris
343 2701 540 2742 limantur
560 2701 632 2742 fila
651 2715 777 2742 aurea
807 2707 849 2743 et
872 2707 1071 2758 argentea
1096 2716 1242 2758 grossa
1262 2707 1305 2744 et
1334 2702 1512 2754 subtilia,
1533 2703 1591 2745 ita
1611 2709 1659 2745 ut

206 2770 250 2812 in
270 2770 329 2811 eis
350 2784 480 2826 grana
500 2775 744 2826 appareant.

715 2873 723 2892 ¹
748 2876 769 2891 “
780 2874 937 2906 inferiores
946 2874 978 2905 ’Ψ
1025 2875 1150 2906 Traml.
