1970 3202
450 508 966 617 PROLOGUS
1045 549 1652 615 THEOPHILP.

487 848 697 893 ENSIM
722 865 804 909 per
826 854 980 908 partes
1006 849 1247 893 discuntur
1270 848 1490 908 quaelibet
1513 853 1649 893 artes.

519 926 648 970 Artis
672 927 900 984 pictorum
927 926 1050 985 prior
1073 931 1143 970 est
1168 926 1347 970 factura
1371 925 1591 970 colorum.

395 1002 508 1047 Post
532 1002 589 1047 ad
614 1003 843 1047 mixturas
869 1002 1112 1046 commitat
1136 1017 1266 1046 mens
1290 1007 1373 1045 tua
1397 1016 1540 1045 curas.

394 1078 500 1124 Hoc
525 1094 638 1138 opus
664 1094 841 1131 exerce,
868 1078 949 1123 sed
973 1078 1032 1123 ad
1057 1093 1263 1138 unguem
1288 1083 1430 1122 cunta
1453 1078 1661 1130 coherce,

394 1153 460 1198 Ut
486 1155 545 1199 sit
570 1155 846 1199 adornatum
870 1154 992 1213 quod
1016 1154 1221 1213 pinxeris
1246 1159 1294 1197 et
1319 1153 1448 1212 quasi
1473 1158 1650 1197 natum.

394 1230 566 1276 Postea
589 1230 843 1275 multorum
869 1231 1162 1275 documentis
1186 1230 1479 1290 ingeniorum
1507 1279 1509 1281 ,

395 1307 485 1352 Ars
511 1321 627 1367 opus
651 1307 855 1366 augebit,
882 1307 1001 1352 sicut
1027 1307 1144 1352 liber
1167 1307 1256 1352 iste
1281 1306 1480 1351 docebit.

364 1552 658 1612 Theophilus,
690 1551 878 1595 humilis
913 1552 1171 1612 presbyter,
1208 1567 1364 1596 servus
1389 1567 1625 1598 servorum
1658 1551 1763 1613 Dei,

296 1632 513 1690 indignus
537 1629 726 1673 nomine
750 1633 798 1672 et
834 1628 1117 1687 professione
1141 1629 1368 1682 monachi,
1394 1630 1607 1674 omnibus
1630 1644 1760 1673 men-

296 1708 356 1752 tis
389 1706 613 1751 desidiam
647 1706 881 1763 animique
906 1706 1200 1765 vagationem
1237 1706 1342 1750 utili
1379 1721 1600 1750 manuum
1625 1721 1761 1750 occu-

296 1783 499 1843 patione,
525 1787 573 1827 et
609 1781 872 1826 delectabili
911 1782 1172 1826 novitatum
1197 1783 1502 1827 meditatione
1527 1781 1758 1826 declinare

298 1865 347 1904 et
372 1859 550 1904 calcare
570 1858 847 1911 volentibus,
870 1859 1229 1904 retributionem
1255 1859 1455 1904 coelestis
1479 1858 1680 1918 praemii!

367 2013 589 2074 Legimus
615 2013 659 2056 in
687 2013 877 2057 exordio
892 2012 1138 2056 mundanae
1162 2014 1407 2059 creationis
1430 2014 1680 2068 hominem,
1703 2014 1761 2059 ad

299 2090 553 2151 imaginem
595 2095 643 2134 et
685 2089 1038 2134 similitudinem
1081 2089 1174 2134 Dei
1212 2091 1452 2135 conditum
1488 2096 1536 2136 et
1571 2091 1763 2151 inspira-

299 2168 428 2211 tione
453 2167 596 2211 divini
621 2166 832 2226 spiraculi
865 2166 1136 2222 animatum,
1161 2171 1396 2226 tantaeque
1421 2167 1659 2227 dignitatis
1683 2183 1764 2213 ex·
1806 2220 1814 2224 ,

300 2242 517 2287 cellentia
553 2244 730 2288 caeteris
766 2243 1077 2293 animantibus
1112 2248 1448 2302 praerogatum3
1486 2249 1540 2287 ut
1571 2244 1761 2288 rat-ionis

301 2334 448 2378 capax
484 2320 650 2363 divinae
684 2320 953 2378 prudentiae,
992 2318 1170 2363 consilii
1204 2319 1470 2379 ingeniique
1504 2326 1763 2364 mereretur

301 2396 610 2455 participium,
640 2396 909 2454 arbitriique
944 2395 1163 2440 libertate
1199 2396 1395 2441 donatus
1431 2396 1570 2442 solius
1607 2397 1762 2441 condi-

301 2472 414 2517 toris
437 2473 507 2517 sui
532 2473 785 2531 suspiceret
806 2472 1096 2517 voluntatem
1121 2477 1169 2516 et
1193 2478 1482 2518 revereretur
1499 2473 1760 2533 imperium.

302 2548 394 2601 Qui
429 2554 534 2594 astu
569 2549 795 2594 diabolico
836 2549 1003 2593 misere
1045 2549 1279 2608 deceptus,
1318 2549 1428 2594 licet
1469 2556 1660 2609 propter
1693 2551 1759 2597 in-

302 2626 580 2670 obedientiae
605 2625 790 2685 culpam
825 2625 1119 2686 privilegium
1155 2625 1518 2671 immortalitatis
1542 2627 1760 2681 amiserit,

302 2707 461 2747 tamen
486 2702 690 2747 scientiae
714 2708 762 2747 et
797 2701 1119 2761 intelligentiae
1147 2701 1425 2761 dignitatem
1449 2701 1565 2746 adeo
1588 2702 1632 2746 in
1658 2717 1763 2761 pos-

356 2812 367 2833 ¹
398 2813 570 2851 Prefatio
590 2813 679 2851 libri
709 2814 822 2863 primi
852 2827 928 2851 non
958 2820 1065 2850 extat
1093 2813 1131 2850 in
1152 2813 1426 2864 Manuscripto
1449 2813 1636 2852 Harleio:
1667 2827 1760 2864 sup-

303 2875 494 2926 plevimus
515 2889 566 2913 ex
586 2876 684 2913 Cod.
706 2876 1068 2926 Guelpherbytano.

1959 1006 1970 1105 „mnu-⁴011
1963 948 1965 950 .
