1970 3202
270 238 321 277 10
742 250 995 279 THEOPmm
1029 250 1166 278 LIBER
1199 252 1226 278 1.

267 349 388 404 pillos
418 354 459 389 et
487 350 638 391 barbas
669 364 830 401 senum,
853 357 894 391 et
915 351 980 392 fac
1001 356 1200 392 tractatos
1224 365 1273 391 ex
1297 351 1443 392 eodem
1466 352 1618 402 colore,
1641 352 1712 392 ad-

266 416 398 456 mixto
418 416 455 456 ei
476 417 595 472 nigro
616 417 794 472 amplius
814 423 856 458 et
886 418 1051 459 modico
1083 418 1226 470 rubeo,
1257 423 1298 459 et
1327 418 1514 459 illumina
1535 434 1584 459 eo
1605 419 1715 459 unde

266 483 498 539 decrepitos
533 484 792 539 impleveras.
866 484 932 526 Eo
968 484 1126 536 ordine,
1159 485 1193 526 si
1226 485 1302 536 vis,
1339 486 1476 528 adhuc
1513 485 1715 541 nigriores

267 549 440 605 capillos
461 556 502 592 et
522 551 673 592 barbas
695 565 913 606 compone.

683 793 992 856 CAPUT
1067 794 1282 857 XH].

428 940 489 967 DE
520 940 706 968 EXUDRA
738 940 792 969 ΕΤ
823 940 1008 968 CETERIS
1039 939 1289 968 COLORIBUS
1321 940 1557 969 VULTUUM.

273 1038 587 1137 DEINDE
606 1040 791 1081 admisce
813 1040 941 1081 rubeo
970 1039 1181 1080 modicum
1202 1040 1323 1095 nigri,
1344 1040 1415 1095 qui
1435 1041 1550 1082 color
1570 1041 1719 1082 dicitur

417 1107 588 1159 exudra,
609 1114 651 1149 et
672 1108 737 1149 fac
758 1108 854 1150 inde
876 1113 1034 1149 tractus
1055 1108 1165 1149 circa
1186 1108 1388 1159 vultuum,
1417 1108 1595 1164 pupillas
1617 1124 1718 1151 ocu—

269 1174 418 1225 lorum,
440 1180 482 1215 et
502 1174 543 1215 in
565 1176 704 1216 medio
725 1176 821 1226 oris,
835 1182 877 1217 et
897 1175 1068 1217 subtiles
1090 1180 1246 1216 tractus
1258 1175 1368 1216 inter
1388 1190 1435 1216 os
1456 1181 1498 1216 et
1517 1181 1718 1217 mentum.

272 1239 379 1282 Post
399 1240 489 1282 haec
510 1256 605 1283 cum
628 1243 804 1298 simplici
825 1243 954 1284 rubeo
973 1243 1040 1284 fac
1061 1242 1293 1299 supercilia,
1310 1248 1352 1284 et
1371 1243 1543 1285 subtiles
1563 1249 1720 1285 tractus

269 1308 375 1349 inter
411 1310 555 1350 oculos
588 1315 630 1351 et
665 1310 883 1366 supercilia
915 1316 957 1352 et
989 1311 1132 1352 oculos
1163 1310 1346 1362 inferius,
1379 1310 1422 1351 in
1457 1311 1583 1366 plena
1614 1311 1720 1353 facie

270 1390 421 1417 nasum
450 1377 493 1417 in
517 1377 691 1419 dextera
717 1378 866 1433 parte¹,
902 1392 1149 1434 supernares
1170 1392 1222 1419 ex
1255 1384 1430 1434 utraque
1449 1383 1581 1434 parte,
1610 1384 1653 1420 et
1673 1394 1721 1420 os

270 1443 454 1495 inferius,
490 1450 533 1485 et
565 1444 674 1486 circa
702 1445 879 1486 frontem
904 1451 946 1487 et
965 1445 1157 1486 maxillas
1177 1460 1325 1487 senum
1343 1445 1530 1497 interius,
1551 1451 1593 1487 et
1612 1447 1722 1488 circa

270 1510 425 1566 digitos
453 1525 652 1552 manuum
689 1517 731 1553 et
762 1513 958 1554 articulos
990 1512 1145 1568 pedum
1174 1512 1359 1565 interius,
1387 1512 1490 1554 etin
1520 1528 1724 1555 conversa

271 1577 378 1619 facie
398 1578 508 1620 circa
534 1593 656 1620 nares
683 1579 726 1620 in
759 1580 955 1622 anteriori
981 1585 1114 1636 parte.
1194 1578 1422 1635 Supercilia
1448 1595 1546 1621 vero
1575 1595 1722 1622 senum

271 1646 358 1687 sive
378 1646 682 1703 decrepitorum
714 1647 842 1689 facies
874 1662 969 1689 cum
991 1647 1164 1699 veneda,
1195 1647 1305 1689 unde
1333 1647 1510 1703 pupillas
1530 1648 1722 1704 implesti.

274 1713 442 1755 Deinde
462 1729 559 1756 cum
581 1715 758 1770 simplici
790 1715 910 1771 nigro
936 1715 1141 1770 juvenum
1173 1715 1393 1770 supercilia
1424 1716 1567 1767 facies,
1592 1716 1651 1757 ita
1677 1723 1724 1758 ut

272 1782 460 1837 superius
493 1782 797 1838 aliquantulum
832 1782 949 1823 rubei
981 1788 1193 1838 appareat,
1228 1788 1270 1823 et
1301 1783 1443 1824 oculos
1476 1783 1663 1839 superius
1683 1790 1725 1826 et

272 1848 480 1890 foramina
509 1849 685 1901 narium,
717 1855 759 1890 et
791 1864 839 1891 os
869 1864 921 1891 ex
941 1854 1117 1906 utraque
1137 1855 1267 1904 parte,
1289 1856 1331 1891 et
1362 1850 1472 1892 circa
1504 1851 1724 1903 auriculas,

273 1930 424 1956 manus
456 1921 498 1958 et
529 1916 694 1972 digitos'
717 1917 912 1969 exterius,
948 1922 990 1958 et
1024 1916 1220 1958 articulos
1254 1922 1295 1958 et
1329 1923 1501 1959 caeteros
1541 1919 1724 1974 corporis

273 1988 446 2024 tractus.
520 1983 681 2025 Omnes
718 1999 816 2026 vero
843 1990 1000 2026 tractus
1033 1984 1142 2026 circa
1174 1984 1287 2025 nuda
1320 1999 1495 2041 corpora
1527 1985 1593 2027 sac
1628 2001 1724 2028 cum

274 2050 415 2102 rubeo,
437 2057 479 2092 et
499 2066 661 2107 ungues
681 2052 923 2108 designabis
945 2066 1042 2093 cum
1062 2051 1255 2093 exteriori
1273 2066 1381 2094 rosa.

709 2295 1020 2358 CAPUT
1100 2294 1286 2357 XIV

463 2443 524 2470 DE
555 2442 760 2471 MIXTURA
790 2441 1177 2470 VESTIMENTORUM
1210 2441 1257 2468 IN
1290 2440 1535 2473 LAQUEARI.

415 2541 549 2584 ISCE
571 2542 730 2584 manisc
751 2556 847 2583 cum
868 2541 968 2582 folio
985 2541 1070 2583 sive
1091 2555 1187 2582 cum
1200 2541 1333 2596 nigro,
1347 2547 1389 2582 et
1403 2541 1568 2582 modico
1585 2541 1727 2591 rubeo,

441 2616 483 2651 et
501 2610 628 2666 imple
649 2610 955 2652 vestimentum.
1016 2608 1217 2650 Admisce
1246 2609 1370 2650 etiam
1392 2608 1604 2649 modicum
1622 2608 1727 2663 nigri

280 2682 322 2717 et
342 2677 406 2718 fac
438 2683 606 2719 tractus.
670 2676 836 2718 Deinde
857 2677 984 2717 misce
1004 2676 1117 2718 lazur
1137 2691 1233 2717 cum
1255 2676 1419 2717 modico
1440 2675 1612 2726 manisc‚
1643 2675 1728 2716 sive

327 2802 335 2819 ¹
354 2801 387 2832 Si
403 2803 441 2832 ad
458 2802 611 2832 dexteram
627 2806 742 2841 partem
758 2801 919 2841 respiciens
938 2805 1086 2841 pertracta
1102 2802 1150 2832 vel
1165 2801 1293 2841 figurata
1308 2800 1348 2832 sit
1363 2800 1452 2831 facies
1463 2810 1471 2838 5
1486 2807 1539 2830 aut
1550 2800 1582 2830 in
1598 2799 1730 2836 sinistra,

283 2856 306 2886 si
324 2856 360 2886 ad
379 2856 528 2886 sinistram
544 2860 678 2885 vertatur
693 2866 696 2885 ι
732 2856 781 2885 Eur
798 2856 870 2886 Cod.
893 2856 959 2893 Ray,
