1970 3202
295 251 375 294 154
784 264 1034 292 THEOPHILI
1069 265 1206 292 mmm
1237 265 1286 292 11.

292 365 399 413 Quae
419 379 516 406 cum
536 364 717 420 pinxeris
735 377 860 418 opere
880 363 1029 415 fabrili,
1045 364 1220 419 dispone
1240 364 1333 405 loca
1352 364 1392 404 in
1411 363 1562 419 quibus
1581 362 1740 418 lapides

290 447 443 487 ponere
459 432 650 483 volueris,
671 430 934 486 acceptisque
955 432 1166 486 particulis
1187 431 1341 487 saphiri
1362 432 1475 482 clari,
1492 432 1626 472 forma
1645 431 1741 471 inde

289 499 488 541 iaciuctos
509 499 739 540 secundum
760 498 1035 554 quantitatem
1064 499 1249 540 locorum
1279 514 1463 550 suorum,
1485 505 1527 540 et
1550 514 1602 540 ex
1624 497 1742 538 viridi

290 567 396 608 vitro
428 567 687 623 smaragdos,
718 572 761 606 et
792 565 850 606 sic
883 579 962 620 age
995 572 1041 607 ut
1073 566 1181 608 inter
1210 567 1317 608 duos
1347 567 1549 609 iacinctos
1580 579 1743 621 semper

291 635 537 691 smaragdus
558 640 652 675 stet.
714 632 879 681 Quibus
900 633 1118 689 diligenter
1138 634 1180 674 in
1208 634 1292 675 suis
1320 634 1421 675 locis
1446 633 1681 689 conjunctis
1702 637 1743 672 et

291 702 495 753 stabilitis,
518 702 692 742 densum
714 701 896 741 colorem
918 701 1036 742 trahe
1056 701 1167 742 circa
1187 716 1259 742 eos
1283 716 1377 742 cum
1406 701 1598 757 pincello,
1619 700 1677 741 ita
1697 705 1743 739 ut

290 769 399 810 inter
430 769 514 809 duo
547 769 652 809 vitra
687 767 789 808 nihil
821 767 938 819 fluat,
971 769 1113 824 sicque
1148 784 1245 810 cum
1277 770 1444 825 reliquis
1479 769 1666 824 partibus
1701 768 1743 807 in

291 835 414 876 furno
436 851 567 892 coque
587 842 628 877 et
649 835 921 876 adhaerebunt
939 836 1017 877 sibi
1037 836 1096 876 ita
1115 841 1161 876 ut
1182 851 1397 892 nunquam
1418 836 1583 878 cadant.

707 1237 1013 1300 CAPUT
1075 1238 1331 1300 XXIX.

690 1393 750 1419 DE
781 1393 1069 1421 SIMPLICIBUS
1102 1393 1352 1420 FENESTRIS.

296 1500 395 1600 SI
427 1515 523 1541 vero
552 1500 729 1541 volueris
758 1501 966 1557 simplices
994 1501 1195 1541 fenestras
1220 1514 1485 1556 componere,
1507 1515 1743 1542 mensuram

403 1568 674 1624 longitudinis
704 1574 747 1609 et
775 1568 1005 1610 latitudinis
1037 1568 1217 1624 primum
1250 1569 1315 1610 fac
1348 1569 1390 1608 in
1420 1568 1559 1624 lignea
1591 1569 1746 1619 tabula,

294 1636 446 1693 deinde
478 1636 671 1691 pertrahe
703 1636 839 1678 nodos
868 1637 935 1677 vel
967 1636 1078 1677 aliud
1108 1636 1221 1692 quod
1253 1636 1428 1687 libuerit,
1459 1635 1746 1692 distinctisque

294 1703 502 1744 coloribus
548 1704 864 1759 componendis,
911 1704 1024 1745 finde
1070 1704 1221 1744 vitrum
1268 1703 1392 1759 grosa
1437 1708 1479 1743 et
1524 1703 1745 1759 conjunge,

295 1771 576 1827 adhibitisque
616 1771 743 1812 clavis
786 1772 951 1813 include
995 1772 1182 1827 plumbo,
1222 1777 1265 1812 et
1303 1771 1436 1812 solida
1480 1785 1531 1811 ex
1573 1777 1747 1827 utraque

295 1844 426 1893 parte,
448 1839 717 1895 circumpone
741 1840 856 1896 ligna
879 1839 1008 1880 clavis
1033 1840 1195 1880 firmata
1216 1844 1259 1879 et
1278 1839 1444 1894 confige
1463 1839 1534 1879 ubi
1555 1839 1745 1880 volueris.

721 2243 1018 2307 CAPUT
1093 2244 1300 2306 XXX.

436 2399 658 2431 QUOMODO
690 2399 992 2427 REFORMETUR
1023 2399 1107 2426 VAS
1138 2399 1343 2427 VITREUM
1376 2397 1601 2426 FRACTUM.

377 2507 396 2548 Ι
420 2507 526 2549 forte
547 2521 619 2549 vas
641 2508 818 2549 vitreum
843 2508 1143 2564 cujuscumque
1170 2507 1334 2563 generis
1361 2507 1474 2548 cadit
1499 2512 1573 2547 aut
1598 2521 1745 2562 percu-

402 2575 515 2627 titur,
546 2576 606 2616 ita
637 2581 684 2617 ut
712 2576 928 2632 frangatur
947 2576 1012 2617 vel
1039 2576 1233 2627 findatur,
1259 2575 1340 2617 hoc
1368 2576 1495 2617 modo
1522 2581 1744 2631 reparetur.

293 2642 411 2684 Tolle
439 2643 598 2684 cineres
626 2650 668 2685 et
693 2644 826 2685 cribra
853 2658 925 2685 eos
953 2643 1171 2699 diligenter
1199 2658 1416 2685 macerans
1443 2658 1538 2684 cum
1558 2658 1682 2700 aqua,
1704 2650 1747 2685 et

293 2709 391 2751 inde
410 2709 535 2766 imple
550 2725 625 2753 vas
641 2711 819 2752 fractum
835 2717 878 2753 et.
898 2726 1008 2767 pone
1028 2711 1082 2752 ad
1103 2711 1235 2752 solem
1251 2717 1298 2752 ut
1313 2711 1500 2753 siccetur.
1552 2710 1744 2767 Cumque

295 2776 465 2818 omnino
499 2779 656 2820 cineres
692 2779 790 2820 sicci
828 2779 990 2830 suerint,
1024 2779 1207 2834 adjunge
1239 2779 1326 2819 vasi
1362 2784 1522 2833 partem
1555 2779 1744 2830 fractam,

294 2859 447 2887 cavens
476 2861 527 2887 ne
557 2847 597 2888 in
623 2848 819 2901 junctura
849 2847 1032 2888 cinerum
1055 2847 1118 2887 vel
1145 2847 1292 2902 aliquae
1321 2846 1463 2887 sordes
1490 2852 1744 2896 remaneant,
