1970 3202
253 272 331 312 140
717 284 968 313 'mnopmm
1001 284 1137 313 mmm
1169 285 1218 312 11.

244 385 359 425 culas
388 384 528 425 viridis
559 384 666 437 vitri,
697 391 739 426 et
768 384 922 440 saphiri
943 384 1094 437 Graeci,
1115 391 1253 426 terens
1283 385 1544 441 singulariter
1584 386 1690 428 inter

244 451 350 493 duos
371 451 530 507 lapides
550 452 812 508 porfiriticos‚
834 458 876 493 et
894 453 1170 494 commiscens
1190 453 1280 494 haec
1300 453 1379 494 tria
1400 453 1536 504 simul,
1567 453 1625 494 ita
1645 460 1692 494 ut

246 520 299 560 sit
338 520 457 561 tertia
497 534 593 575 pars
633 520 781 576 pulvis,
818 526 860 562 et
899 520 1018 562 tertia
1049 520 1191 572 viride,
1226 521 1430 577 tertiaque
1465 520 1692 577 saphirum,

244 593 351 629 teres
382 588 535 644 pariter
566 602 690 644 super
723 588 860 643 ipsum
894 588 1076 644 lapidem
1108 603 1204 630 cum
1228 588 1331 634 ‚vino
1364 589 1427 630 vel
1455 588 1574 629 urina
1603 587 1693 628 dili-

246 656 498 711 gentissime,
529 661 570 697 et
599 656 768 697 mittens
797 656 839 696 in
860 671 934 697 vas
961 656 1137 698 ferreum
1167 656 1252 698 sive
1282 657 1538 712 plumbeum,
1568 656 1694 711 pinge

248 723 399 764 vitrum
431 738 527 764 cum
563 723 677 764 omni
717 724 880 765 cautela
920 724 1151 765 secundum
1191 730 1362 775 tractus,
1403 724 1474 780 qui
1514 728 1612 764 sunt
1652 722 1696 763 in

248 791 405 834 tabula.
480 790 607 839 Quod
648 791 682 831 si
722 791 878 832 litteras
920 791 963 831 in
1003 791 1110 832 vitro
1150 792 1285 832 facere
1325 790 1516 842 volueris,
1557 795 1695 845 partes

248 858 482 914 co-operies
504 858 674 900 omnino
695 858 786 913 ipso
808 859 959 910 colore,
981 858 1165 900 scribens
1186 873 1257 900 eas
1277 859 1413 900 cauda
1433 857 1608 914 pincelli.

706 1151 1021 1215 CAPUT
1107 1153 1244 1214 XX

423 1301 482 1328 DE
512 1300 675 1329 TRIBUS
706 1299 959 1328 COLORIBUS
990 1299 1053 1326 AD
1085 1299 1261 1327 LUMINA
1297 1301 1344 1327 IN
1376 1301 1529 1329 VITRO.

372 1400 581 1442 MBRAS
613 1406 654 1441 et
684 1399 841 1441 lumina
870 1400 1225 1451 vestimentorum,
1255 1400 1290 1441 si
1326 1400 1537 1442 studiosus
1577 1401 1702 1443 fueris

398 1470 442 1510 in
480 1470 561 1511 hoc
601 1483 738 1525 opere,
777 1467 931 1523 poteris
971 1467 1120 1508 eodem
1159 1468 1287 1510 modo
1327 1468 1477 1521 facere,
1518 1469 1625 1511 sicut
1660 1470 1702 1510 in

199 1569 201 1571 .
254 1538 414 1594 pictura
447 1538 646 1588 colorum,
683 1536 755 1577 tali
788 1535 929 1577 modo.
990 1534 1101 1576 Cum
1136 1536 1283 1577 feceris
1319 1542 1477 1578 tractus
1507 1537 1550 1578 in
1581 1537 1702 1578 vesti—

256 1605 405 1647 mentis
438 1620 490 1646 ex
520 1605 658 1646 colore
688 1603 902 1659 praedicto,
933 1617 1085 1659 sparge
1114 1618 1210 1644 eum
1240 1618 1336 1645 cum
1367 1603 1543 1660 pincello
1573 1605 1631 1646 ita
1658 1611 1705 1646 ut

255 1673 407 1714 vitrum
438 1673 513 1714 fiat
542 1671 759 1728 perspicax
789 1671 832 1712 in
862 1686 913 1713 ea
942 1676 1071 1727 parte,
1102 1685 1188 1727 qua
1217 1671 1417 1712 luminam
1449 1671 1584 1714 facere
1604 1687 1704 1714 con-

255 1741 384 1783 suesti
404 1741 447 1781 in
466 1741 640 1796 pictura,
659 1745 701 1780 et
720 1739 832 1780 idem
858 1744 1017 1781 tractus
1048 1738 1091 1779 in
1121 1753 1205 1780 una
1234 1744 1352 1794 parte
1381 1739 1435 1780 sit
1464 1739 1630 1791 densus,
1662 1740 1704 1780 in

256 1811 386 1850 altera
405 1809 522 1861 levis,
542 1813 668 1864 atque
689 1807 818 1849 levior
838 1822 935 1848 cum
955 1811 1073 1848 tanta
1093 1806 1308 1862 diligentia
1338 1806 1555 1858 discretus,
1587 1808 1706 1863 quasi

257 1877 475 1918 videantur
507 1882 590 1917 tres
621 1876 781 1917 colores
821 1874 1014 1930 appositi.
1088 1873 1227 1923 Quem
1263 1874 1451 1916 ordinem
1484 1875 1707 1916 observare

255 1946 314 1986 ita
355 1944 498 1995 debes,
537 1943 644 1984 infra
693 1942 923 1998 supercilia,
964 1948 1005 1983 et
1054 1942 1165 1983 circa
1214 1942 1357 1983 oculos
1407 1947 1535 1998 atque
1585 1957 1706 1984 nares

257 2020 299 2054 et
334 2017 535 2063 mentum,
569 2026 618 2052 ac
653 2010 763 2052 circa
799 2009 926 2051 facies
950 2010 1167 2066 juvenum,
1204 2010 1314 2051 circa
1346 2009 1474 2065 pedes
1501 2010 1637 2051 nudos
1666 2017 1708 2052 et

259 2095 408 2121 manus
455 2084 496 2120 et
542 2079 700 2134 reliqua
747 2077 936 2119 membra
982 2077 1167 2133 corporis
1218 2077 1331 2129 nudi,
1375 2076 1510 2134 sitque
1550 2077 1707 2134 species

259 2148 431 2203 picturae
453 2146 687 2203 composita
707 2146 894 2187 colorum
914 2145 1125 2187 varietate.

635 2424 999 2488 ,CAPUT
1080 2426 1273 2489 XXL

573 2574 633 2600 DE
664 2572 846 2601 ORNATU
879 2572 1085 2602 PICTURAE
1115 2574 1162 2601 IN
1198 2574 1346 2602 VITRO.

344 2675 400 2716 ΙΤ
431 2674 555 2715 etiam
589 2674 761 2730 quidam
792 2679 962 2715 ornatus
991 2674 1035 2714 in
1065 2674 1184 2725 vitro,
1215 2674 1405 2715 videlicet
1435 2673 1478 2714 in
1510 2674 1710 2727 vestibus,

371 2744 413 2784 in
443 2743 625 2793 sedibus,
657 2748 699 2783 et
728 2742 770 2783 in
800 2743 972 2798 campis,
1003 2742 1046 2783 in
1087 2742 1268 2798 saphiro,
1303 2743 1346 2783 in
1377 2742 1495 2783 viridi
1529 2748 1571 2783 et
1600 2743 1710 2794 albo,

263 2825 553 2867 purpureoque
583 2811 721 2852 colore
752 2810 879 2852 claro.
948 2809 1058 2851 Cum
1091 2809 1237 2851 feceris
1273 2810 1430 2866 priores
1463 2809 1632 2852 umbras
1668 2810 1711 2850 in

263 2879 500 2936 hujusmodi
523 2878 721 2929 vestibus,
759 2884 799 2919 et
835 2878 955 2919 siccae
988 2877 1152 2929 suerint,
1186 2877 1382 2933 quicquid
1415 2877 1617 2933 reliquum
1649 2883 1712 2918 est
