1970 3202
290 267 369 308 144
757 282 1007 311 THEOPHILI
1039 283 1173 311 LIBER
1203 284 1251 311 11.

287 380 475 421 tudinem
498 395 666 437 quoque
697 381 887 433 similem,
909 383 1211 438 longitudinem
1235 397 1333 424 vero
1364 383 1527 424 modice
1559 384 1739 439 amplius

288 448 464 489 duorum
506 449 675 504 pedum.
738 448 904 490 Deinde
946 451 1176 492 macerabis
1210 452 1399 506 argillam
1442 451 1601 492 fortiter
1641 467 1737 493 cum

287 529 397 571 aqua
418 522 460 556 et
494 516 595 556 fimo
627 516 738 572 equi,
759 516 818 558 ita
850 523 897 558 ut
918 523 1002 558 tres
1035 523 1175 573 partes
1208 518 1293 559 sint
1327 518 1486 573 argilla,
1519 524 1561 559 et
1590 525 1739 574 quarta

287 583 425 624 fimus.
487 583 584 632 Qua
619 584 777 639 optime
810 590 1035 637 macerata,
1073 585 1269 626 miscebis
1302 586 1339 626 ei
1374 586 1533 627 foenum
1565 586 1737 637 siccum,

288 650 445 691 faciens
465 650 562 692 inde
582 651 771 707 pastillos
791 652 942 707 longos
963 660 1006 693 et
1026 652 1260 707 co-operies
1282 667 1424 694 arcum
1446 653 1655 709 virgarum
1676 654 1739 694 in-

287 717 414 758 terius
436 723 477 758 et
509 719 688 759 exterius
709 718 763 759 ad
795 719 1105 774 spissitudinem
1137 718 1260 760 unius
1293 720 1436 775 pugni,
1457 726 1499 761 et
1528 720 1569 760 in
1600 721 1738 762 medio

287 786 474 841 superius
496 787 703 842 relinques
725 787 914 828 foramen
936 788 1161 829 rotundum
1183 803 1257 843 per
1276 789 1389 844 quod
1411 789 1545 843 possis
1566 803 1737 830 manum

285 857 401 892 tuam
422 853 633 908 imponere
646 869 658 905 ;
690 854 820 894 facies
842 855 966 895 etiam
989 855 1065 896 tibi
1087 861 1171 896 tres
1193 856 1335 897 trabes
1358 856 1514 897 ferreos
1536 857 1739 911 grossitu-

286 918 382 959 dine
402 919 524 960 unius
545 920 679 976 digiti,
701 926 743 961 et
764 921 1024 976 longitudine
1046 922 1167 963 tanta
1187 928 1235 963 ut
1255 923 1419 978 possint
1440 923 1615 964 transire
1643 924 1738 964 lati-

286 985 472 1026 tudinem
494 987 614 1038 fiirni,
636 988 787 1044 quibus
809 989 938 1029 facies
955 1003 1004 1030 ex
1020 995 1196 1045 utraque
1218 995 1334 1044 parte
1355 989 1435 1030 tria
1455 988 1674 1041 foramina,
1693 997 1739 1030 ut

286 1067 381 1093 cum
418 1056 595 1096 volueris
635 1056 770 1111 possis
811 1057 1024 1113 imponere
1065 1064 1107 1098 et
1141 1057 1302 1112 ejicere.
1363 1056 1481 1098 Tunc
1522 1071 1653 1112 pones
1694 1058 1737 1098 in

287 1120 452 1163 furnum
473 1123 616 1179 ignem
637 1129 678 1164 et
699 1124 813 1179 ligna
834 1124 968 1166 donec
991 1125 1234 1166 exsiccetur.

671 1531 979 1593 CAPUT
1055 1531 1341 1592 XXIII.

648 1703 872 1737 QUOMODO
903 1703 1146 1736 COQUATUR
1176 1704 1352 1732 VITRUM
1359 1722 1367 1730 .

350 1817 589 1860 NTERIM
627 1819 693 1860 fac
725 1819 800 1860 tibi
835 1818 1024 1859 tabulam
1061 1818 1237 1859 ferream
1270 1818 1325 1859 ad
1355 1832 1595 1859 mensuram
1630 1818 1738 1858 furni

376 1886 559 1937 interius,
580 1886 766 1942 exceptis
796 1886 961 1927 duobus
981 1886 1122 1941 digitis
1152 1886 1194 1926 in
1215 1885 1475 1941 longitudine
1505 1892 1546 1926 et
1573 1885 1737 1926 duobus

284 1953 327 1993 in
347 1953 579 2005 latitudine,
601 1968 725 2009 super
745 1968 873 2009 quam
895 1953 1094 1994 cribrabis
1120 1954 1278 1994 calcem
1294 1953 1450 2004 vivum,
1472 1953 1558 1994 sive
1579 1953 1738 1994 cineres

285 2020 552 2076 spissitudine
582 2021 704 2061 unius
735 2020 918 2073 festucae,
939 2027 981 2061 et
1010 2036 1106 2061 cum
1137 2021 1287 2077 aequali
1310 2016 1452 2076 “ligno1
1489 2026 1536 2061 ut
1565 2020 1739 2061 firmiter

278 2094 462 2144 jaceant.
522 2087 710 2130 Habebit
739 2088 887 2129 eadem
908 2089 1054 2129 tabula
1081 2089 1260 2130 caudam
1291 2088 1483 2139 ferream,
1505 2102 1579 2143 per
1609 2102 1737 2144 quam

284 2154 416 2211 possit
435 2156 591 2212 portari
611 2162 653 2197 et
672 2156 831 2212 imponi
853 2171 903 2197 ac
923 2156 1098 2198 extrahi.
1162 2156 1305 2198 Pones
1327 2162 1467 2197 autem
1497 2170 1623 2211 super
1643 2170 1737 2196 eam

284 2224 437 2265 vitrum
472 2224 629 2279 pictum
664 2224 884 2280 diligenter
904 2231 947 2265 et
976 2225 1262 2280 conjunctum,
1290 2224 1349 2264 ita
1378 2229 1425 2264 ut
1458 2223 1502 2263 in
1534 2223 1737 2264 exteriore

285 2298 403 2346 parte
438 2307 581 2333 versus
612 2292 809 2332 caudam*
827 2306 961 2346 ponas
994 2292 1124 2333 viride
1155 2298 1197 2333 et
1226 2291 1455 2347 saphirum,
1486 2305 1536 2331 ae
1564 2290 1737 2331 interius

284 2360 427 2400 album
448 2373 642 2400 croceum
663 2364 704 2400 et
725 2373 993 2414 purpureum,
1014 2359 1128 2415 quod
1150 2359 1293 2399 durius
1321 2363 1385 2399 est
1405 2363 1552 2399 contra
1581 2357 1736 2413 ignem,

284 2432 326 2467 et
357 2426 418 2467 sie
451 2426 648 2467 immissis
669 2426 858 2467 trabibus
890 2440 1023 2481 pones
1056 2440 1180 2481 super
1210 2440 1283 2466 eos
1303 2425 1505 2466 tabulam.
1568 2424 1736 2465 Deinde

284 2493 448 2548 accipes
468 2493 583 2548 ligna
604 2493 773 2549 faginea
803 2493 846 2532 in
868 2492 986 2533 fumo
1007 2493 1130 2534 valde
1151 2492 1274 2544 sicca,
1298 2498 1341 2533 et
1370 2491 1575 2533 accendes
1595 2491 1736 2547 ignem

287 2561 497 2602 modicum
518 2560 562 2600 in
583 2560 719 2611 furno,
748 2565 895 2615 postea
916 2561 1119 2616 majorem
1148 2574 1244 2601 cum
1266 2560 1382 2600 omni
1401 2559 1577 2611 cautela,
1598 2559 1735 2600 donec

284 2629 426 2669 videas
458 2628 674 2669 flammam
706 2633 830 2679 retro,
851 2633 893 2668 et
925 2642 976 2668 ex
1010 2633 1186 2683 utraque
1207 2633 1324 2683 parte
1356 2627 1463 2668 inter
1496 2627 1662 2667 furnum
1694 2633 1737 2668 et

284 2696 471 2736 tabulam
492 2695 728 2746 ascendere,
750 2701 792 2735 et
812 2694 963 2735 vitrum
983 2695 1224 2736 transiendo
1246 2701 1373 2750 atque
1397 2694 1516 2751 quasi
1536 2694 1735 2750 lingendo

285 2764 532 2820 co-operire,
553 2763 712 2805 tamdiu
745 2763 880 2803 donec
907 2762 1155 2814 candescat3
1194 2768 1235 2803 et
1255 2762 1396 2803 statim
1429 2763 1599 2819 ejiciens
1620 2762 1735 2817 ligna

665 2895 673 2912 ¹
697 2896 770 2926 MS.
789 2895 918 2935 Guelplz.
934 2895 954 2911 “
964 2903 1120 2933 compones
1135 2893 1213 2931 eOS,'’
1229 2894 1369 2925 additur.
