1970 3202
179 247 262 286 222
649 262 900 289 ‘russopmm
934 262 1069 289 Lim-:R
1100 262 1169 289 111.

596 411 902 473 CAPUT
978 410 1212 472 XVII.

787 546 846 572 DE
878 546 1016 572 LIMIS.

180 633 414 732 LIMAE
445 648 542 681 vero
563 633 669 674 fiunt
699 648 751 674 ex
782 648 887 689 puro
913 633 1061 683 calibe,
1089 647 1255 689 magnae
1282 638 1324 673 et
1356 631 1627 680 mediocres¹,

307 702 433 742 trium
464 706 676 742 costarum
700 707 742 741 et
771 700 974 741 rotundae.
1037 699 1165 740 Fiunt
1184 706 1226 741 et
1245 700 1352 751 aliae,
1373 706 1419 740 ut
1439 699 1628 741 fortioreS

178 769 262 809 sint
280 769 323 809 in
353 768 508 819 medio,
529 768 699 808 interius
720 782 773 808 ex
803 768 919 808 molli
940 768 1062 818 ferro,
1083 767 1265 808 exterius
1290 781 1390 808 vero
1421 766 1629 822 co-operi-

176 842 302 876 untur
322 836 469 876 calibe.
533 834 639 883 Quae
660 849 756 875 cum
789 849 995 890 percussae
1025 834 1177 875 fuerint
1207 834 1436 874 secundum
1466 833 1629 889 magni-

177 904 381 954 tudinem,
403 917 532 958 quam
548 902 607 943 eis
628 907 774 943 auctor
789 916 931 942 earum
949 901 1049 942 dare
1065 902 1252 952 voluerit,
1269 907 1487 957 aequantur
1507 897 1647 956 super*

178 970 410 1020 runcinam,
444 969 586 1025 sicque
621 969 862 1010 inciduntur
898 983 995 1009 cum
1031 968 1181 1010 malleo
1214 983 1267 1009 ex
1305 974 1477 1024 utraque
1513 975 1630 1023 parte

177 1043 314 1078 acuto.
377 1037 623 1077 Inciduntur
658 1036 784 1077 etiam
824 1036 914 1076 aliae
947 1051 1046 1077 cum·
1075 1036 1183 1077 ferro
1217 1035 1425 1086 incisorio,
1462 1036 1515 1076 de
1545 1050 1630 1091 quo

181 1118 306 1159 supra
341 1104 549 1155 diximus3
582 1119 676 1162 cum
714 1103 865 1160 quibus
900 1104 1055 1160 aequari
1089 1103 1215 1144 debet
1247 1117 1367 1158 opus,
1388 1103 1503 1158 quod
1534 1117 1629 1143 cum

178 1172 269 1212 aliis
291 1173 570 1228 grossioribus
604 1173 878 1227 praelimatum
894 1172 1030 1213 fuerit.
1092 1170 1284 1227 Cumque
1305 1185 1358 1212 ex
1379 1170 1490 1211 omni
1516 1176 1630 1225 parte

178 1238 318 1279 incisae
339 1239 504 1289 fuerint,
526 1240 591 1280 fac
608 1245 985 1294 temperamentum
1006 1240 1088 1280 hoc
1109 1239 1249 1280 modo.

568 1503 869 1566 CAPUT
963 1503 1245 1565 XVIII.

551 1637 612 1664 DE
642 1637 1010 1665 TEMPERAMENTO
1042 1637 1268 1665 LIMARUM.

185 1723 547 1823 COMBURE
580 1739 709 1766 cornu
730 1725 850 1766 bovis
882 1725 925 1765 in
951 1725 1047 1780 igne
1078 1731 1119 1765 et
1152 1725 1266 1776 rade,
1283 1730 1413 1780 vatque
1446 1724 1574 1766 misce
1595 1725 1631 1765 ei

304 1793 467 1833 tertiam
508 1799 670 1848 partem
705 1793 815 1843 salis,
856 1798 898 1833 et
935 1798 1022 1833 tere
1063 1792 1233 1832 fortiter.
1311 1792 1474 1832 Deinde
1515 1793 1632 1832 mitte

180 1859 323 1900 limam
343 1860 387 1900 in
407 1860 564 1915 ignem,
586 1866 628 1900 et
657 1875 753 1901 cum
774 1859 1005 1910 canduerit,
1028 1860 1150 1901 salies
1179 1860 1293 1900 illam
1324 1859 1630 1900 confectionem

180 1941 304 1982 super
337 1941 431 1967 eam
462 1942 513 1968 ex
535 1927 649 1968 omni
679 1933 809 1983 parte,
831 1927 1022 1983 aptisque
1044 1927 1294 1968 carbonibus
1315 1927 1440 1968 valde
1466 1927 1632 1967 ardent-

182 1994 275 2035 ibus
297 2009 393 2035 cum
419 1994 683 2036 festinatione
714 1995 902 2036 sufflabis
922 2009 995 2050 per
1017 1995 1160 2036 omnia
1181 1995 1239 2035 sic
1260 2000 1307 2035 ut
1332 2000 1635 2050 temperamen—

180 2066 271 2101 tum
287 2076 372 2102 non
388 2062 526 2113 cadat,
540 2068 582 2103 et
597 2062 738 2103 statim
755 2062 932 2104 eiciens²
953 2063 1127 2104 siccabis
1150 2062 1314 2103 modice
1334 2077 1458 2117 super
1477 2062 1631 2117 ignem.

182 2128 278 2170 Hoc
300 2130 427 2170 modo
448 2130 699 2185 temperabis
720 2145 867 2172 omnes
887 2146 981 2186 quae
1001 2137 1100 2172 sunt
1119 2145 1172 2171 ex
1193 2130 1339 2172 calibe.

615 2342 929 2404 CAPUT
1007 2344 1195 2404 XIX.

643 2474 645 2476 ’
682 2482 791 2508 ITEM
824 2482 949 2509 UNDE
981 2483 1136 2511 SUPRA.

186 2569 462 2670 FACIES
477 2575 518 2610 et
531 2570 723 2624 parvulas
738 2569 925 2611 similiter
938 2570 1150 2626 quadras³,
1167 2571 1380 2620 rotundas,
1390 2570 1632 2624 triangulas,

285 2643 430 2678 tenues
444 2651 496 2677 ex
518 2636 633 2677 molli
652 2636 773 2687 ferro,
788 2651 940 2693 easque
956 2638 1016 2678 sic
1037 2638 1302 2693 temperabis,
1363 2637 1472 2678 Cum
1494 2637 1632 2678 incisae

356 2752 365 2770 ¹
390 2755 411 2769 “
426 2760 461 2783 ut
476 2753 627 2792 quadrae‚”
643 2764 677 2784 ex
694 2754 767 2784 MS.
787 2754 916 2795 G‘uelph.

354 2807 367 2825 ²
390 2810 410 2824 “
426 2808 570 2848 extingue
585 2807 742 2846 aequaliter
757 2807 789 2837 in
804 2818 883 2847 aqua
898 2813 929 2838 et
944 2808 1014 2838 inde
1030 2808 1168 2845 eiciens‚”
1184 2819 1219 2839 ea:
1236 2809 1344 2839 Codice
1361 2810 1489 2850 Guelph.

355 2860 367 2876 ⁸
391 2863 411 2876 “
427 2860 674 2897 semirotundas,”
691 2871 726 2890 ea·
743 2862 817 2892 C'od.
837 2860 965 2902 Gnelph.

1950 1538 1970 1603 ἕ

1952 1619 1964 1640 ἕ
