1970 3202
266 243 351 284 246
736 257 988 285 'rnssopmm
1021 258 1158 286 mmm
1189 240 1258 287 111.

637 412 943 476 CAPUT
1023 413 1350 476 XXXIV

766 557 876 585 ITEM
909 557 1037 585 UNDE
1067 557 1226 585 SUPRA.

347 655 366 695 I
388 669 488 696 vero
509 669 655 710 pamm
676 654 800 696 fuerit
818 654 922 706 auri,
944 655 1057 711 quod
1079 669 1259 711 coquere
1278 654 1354 706 vis,
1376 655 1513 710 ipsum
1536 662 1719 711 percute,

402 728 444 764 et
474 737 680 778 compone
710 723 753 762 in
773 728 903 763 testas
924 723 1032 764 sicut
1050 723 1252 778 superius.
1315 722 1472 764 Postea
1491 723 1635 779 accipe
1656 725 1719 765 ol-

265 791 348 831 lam
369 804 523 832 novam
551 795 593 830 et
622 790 769 844 frange
799 789 842 830 in
873 790 1004 831 fundo
1034 805 1165 831 unum
1195 790 1398 842 foramen,
1419 797 1461 831 et
1480 790 1591 832 circa
1609 792 1720 832 latus

266 863 457 914 quatuor,
479 862 522 897 et
542 856 608 897 fac
638 856 682 897 in
702 856 849 911 argilla
873 857 998 898 breve
1018 858 1234 898 vasculum
1265 872 1361 898 cum
1391 858 1524 899 tribus
1543 859 1720 914 pedibus

264 926 324 967 sic
345 925 399 966 ab
418 924 598 965 invicem
620 924 835 979 separatis,
857 930 904 965 ut
925 925 1089 980 possint
1111 930 1220 966 stare
1240 939 1365 980 super
1383 925 1585 976 foramen,
1606 926 1720 982 quod

264 999 328 1034 est
363 993 407 1033 in
439 991 570 1033 fundo
603 992 720 1044 ollae;
758 1006 883 1048 super
916 992 1031 1048 quod
1064 1007 1161 1033 cum
1193 992 1395 1034 siccatum
1432 992 1555 1033 fuerit
1589 1007 1722 1048 pones

264 1067 394 1102 testas
415 1074 511 1101 cum
533 1074 649 1111 auro,
678 1066 720 1101 et
740 1060 924 1101 elevabis
955 1061 1080 1101 ollam
1105 1074 1229 1115 super
1248 1065 1333 1101 tres
1354 1060 1516 1115 lapides
1537 1074 1563 1102 a
1583 1074 1628 1101 se
1647 1061 1721 1101 ali-

265 1129 514 1184 quantulum
545 1133 730 1169 remotos
750 1132 869 1184 aeque
899 1127 1071 1183 spissos,
1103 1133 1145 1169 et
1163 1127 1328 1168 inmitte
1348 1127 1552 1169 carbones
1573 1128 1722 1169 arden-

263 1202 341 1247 tes,
362 1195 513 1236 deinde
534 1195 755 1247 extinctos,
778 1195 921 1251 sicque
941 1195 1133 1251 quotiens
1150 1194 1379 1236 defecerint
1398 1209 1632 1251 superpone
1653 1195 1723 1235 fri—

265 1263 400 1318 gidos,
421 1269 463 1303 et
484 1277 700 1318 nunquam
730 1263 898 1318 patieris
919 1269 1049 1304 testas
1070 1264 1205 1304 nudas
1226 1277 1317 1304 esse
1338 1263 1392 1303 ab
1412 1262 1522 1317 igne.
1586 1261 1721 1303 Inter-

266 1330 366 1371 dum
388 1345 486 1371 vero
509 1345 603 1371 cum
636 1330 781 1385 gracili
811 1330 926 1385 ligno
956 1345 1027 1386 per
1050 1330 1262 1372 ¹foramen
1294 1330 1467 1371 inmisso
1489 1345 1611 1372 move
1633 1345 1723 1371 car-

265 1397 409 1447 bones,
432 1403 473 1437 et
493 1396 663 1438 inferius
694 1396 894 1447 similiter,
925 1405 971 1438 ut
1002 1398 1160 1439 cineres
1181 1403 1332 1439 exeant
1353 1403 1395 1438 et
1414 1403 1562 1439 ventus
1584 1398 1722 1439 aditus

265 1465 421 1506 habeat
480 1464 632 1520 Sicque
655 1464 782 1505 facies
813 1479 908 1505 cum
941 1466 1194 1507 carbonibus
1221 1466 1262 1505 in
1291 1466 1385 1516 olla,
1408 1465 1515 1506 sicut
1536 1466 1722 1521 superius

267 1547 362 1573 cum
383 1533 508 1586 lignis
530 1533 572 1574 in
594 1533 728 1573 furno.

657 1855 963 1917 CAPUT
1039 1855 1326 1918 XXXV.

754 2000 814 2027 DE
845 1999 1063 2028 MOLENDO
1095 1999 1233 2028 AURO.

333 2150 337 2153 Ὗ
362 2098 574 2140 OCTUM
602 2114 701 2140 vero
731 2099 907 2155 pleniter
937 2113 1099 2150 aurum,
1130 2099 1163 2139 si
1195 2099 1353 2140 molere
1382 2099 1575 2151 volueris,
1606 2099 1724 2140 mitte

417 2167 513 2207 inde
539 2182 662 2222 super
681 2172 833 2208 testam
864 2171 961 2207 octo
990 2166 1286 2207 2denariorum
1317 2172 1359 2207 et
1389 2168 1575 2222 pondera
1595 2167 1724 2208 octies

265 2240 428 2275 tantum
449 2234 532 2275 vivi
562 2234 738 2289 argenti,
769 2234 836 2292 cui
860 2234 1002 2275 statim
1032 2234 1198 2275 inmitte
1229 2248 1376 2275 aurum
1403 2241 1446 2276 et
1466 2234 1568 2275 frica
1587 2235 1724 2276 donec

265 2302 405 2342 album
426 2303 514 2353 fiat,
536 2307 662 2357 atque
683 2302 964 2356 particulatim
981 2302 1212 2357 confringe.
1271 2302 1389 2343 Tolle
1404 2317 1573 2358 quoque
1593 2317 1722 2343 unum

263 2370 480 2410 vasculum
515 2383 567 2410 ex
604 2369 682 2420 his,
719 2369 761 2409 in
799 2369 953 2425 quibus
989 2383 1136 2410 aurum
1168 2370 1234 2410 vel
1268 2375 1489 2425 argentum
1522 2369 1723 2419 funditur,

264 2437 377 2492 quod
400 2442 541 2477 tamen
571 2437 626 2477 ad
651 2436 761 2477 istud
783 2451 888 2491 opus
911 2436 1085 2492 spissius
1105 2436 1185 2477 illis
1206 2436 1332 2477 debet
1352 2451 1458 2488 esse,
1480 2442 1522 2478 et
1542 2437 1661 2477 mitte
1681 2437 1723 2477 in

262 2503 403 2558 ignem
424 2503 559 2544 donec
590 2503 843 2555 candescat3
877 2504 1031 2545 ferrum
1062 2502 1188 2544 etiam
1220 2503 1375 2559 gracile
1406 2509 1448 2544 et
1471 2518 1660 2555 curvum,
1680 2504 1722 2544 in

264 2585 348 2611 uno
369 2571 504 2625 capite
527 2571 746 2612 manubrio
766 2571 957 2623 infixum,
974 2571 1016 2611 in
1032 2572 1163 2612 altero
1179 2585 1276 2612 vero
1298 2571 1460 2612 habens
1476 2572 1635 2612 nodum
1657 2586 1723 2612 ro-

263 2638 455 2687 tundum,
478 2638 595 2679 mitte
617 2637 806 2679 similiter
824 2638 867 2679 in
892 2638 1048 2694 ignem,
1071 2644 1113 2679 et
1133 2653 1229 2679 cum
1251 2643 1474 2694 utrumque
1495 2639 1724 2691 canduerit,

262 2710 357 2745 tene
378 2705 534 2760 forcipe
555 2706 773 2747 vasculum
794 2720 917 2761 super
939 2706 1157 2747 scutellam
1179 2707 1322 2757 latam,
1343 2707 1511 2758 siccam,
1533 2715 1575 2748 et
1595 2707 1723 2748 funde

663 2805 671 2823 ¹
696 2807 717 2822 ‘⁴
729 2805 905 2844 foramina,¹'
920 2804 993 2836 imo.

666 2858 678 2875 ²
704 2859 958 2890 “nummorum’'
1006 2861 1079 2890 Cod.
1099 2860 1230 2900 Guelplz.

1958 2587 1970 2650 h-‹ua
1962 2519 1970 2541 «-
