1970 3202
274 265 283 272 -
331 242 387 282 28
819 255 1070 284 'rnnopmm
1102 256 1238 285 mmm
1270 257 1300 285 1.

331 354 505 408 dispone
526 368 631 409 opus
655 358 786 406 tuum,
808 355 1001 397 videlicet
1021 357 1226 412 imagines
1248 363 1320 398 aut
1341 357 1510 409 bestias,
1534 358 1597 398 vel
1619 372 1718 400 aves
1740 365 1782 400 et

331 421 442 472 folia,
464 421 550 462 sive
571 422 850 479 quodcunque
881 423 1116 478 pertrahere
1138 425 1328 466 volueris.
1391 424 1489 473 Quo
1511 425 1623 466 facto
1654 425 1688 466 si
1709 426 1781 466 de-

333 501 474 528 corare
495 488 674 529 volueris
707 503 812 545 opus
843 495 976 541 tuum,
999 491 1087 531 auri
1107 492 1290 546 petulam
1320 492 1524 548 impones,
1555 507 1684 549 quam
1707 495 1778 535 tali

331 554 458 596 modo
481 555 619 597 facies.

726 858 1027 922 CAPUT
1109 862 1363 924 XXIV.

848 1016 908 1042 DE
940 1016 1116 1044 PETULA
1147 1016 1274 1045 AURI.

432 1125 587 1167 OLLE
621 1139 919 1181 pergamenam
952 1125 1162 1178 Graecam,
1193 1141 1286 1182 quae
1320 1128 1369 1168 fit
1397 1141 1449 1167 ex
1483 1128 1578 1168 lana
1609 1126 1707 1167 lini¹
1744 1133 1785 1168 et

442 1193 608 1236 fricabis
649 1208 742 1235 eam
782 1208 835 1235 ex
874 1199 1050 1250 utraque
1083 1200 1200 1249 parte
1235 1208 1331 1235 cum
1363 1194 1493 1237 rubeo
1527 1195 1680 1247 colore,
1713 1195 1784 1252 qui

332 1262 589 1304 comburitur
629 1276 681 1303 ex
722 1261 940 1317 synopide,
970 1261 1013 1302 id
1053 1267 1117 1302 est
1146 1276 1263 1317 ogra,
1294 1262 1572 1304 minutissime
1612 1263 1709 1304 trito
1745 1269 1787 1304 et

333 1330 460 1383 sicco,
481 1335 524 1372 et
543 1330 675 1386 polies
697 1344 791 1371 eam
813 1329 939 1370 dente
960 1329 1149 1381 castoris,
1163 1330 1250 1371 sive
1273 1330 1371 1382 ursi,
1392 1331 1457 1371 vel
1486 1331 1588 1386 apri,
1610 1330 1785 1386 diligen-

330 1399 504 1450 tissime,
536 1399 672 1440 donec
702 1397 842 1438 lucida
871 1397 962 1449 fiat,
984 1403 1026 1438 et
1056 1398 1168 1439 idem
1197 1399 1312 1439 color
1340 1399 1431 1454 ipsa
1460 1398 1677 1440 fricatione
1710 1399 1786 1440 ad-

331 1466 500 1507 haereat.
555 1465 720 1507 Deinde
741 1465 879 1506 incide
900 1465 1056 1521 forcipe
1077 1465 1210 1521 ipsam
1233 1481 1532 1522 pergamenam
1553 1481 1627 1522 per
1648 1472 1787 1521 partes

331 1533 514 1590 quadras
539 1533 593 1574 ad
617 1533 879 1574 latitudinem
909 1539 1089 1589 quatuor
1112 1533 1351 1589 digitorum,
1373 1533 1586 1590 aequaliter
1613 1535 1723 1575 latas
1747 1540 1789 1575 et

331 1603 494 1657 longas.
566 1600 847 1642 Postmodum
878 1600 1005 1642 facies
1037 1601 1185 1642 eadem
1219 1615 1415 1643 mensura
1447 1615 1499 1643 ex
1532 1615 1787 1658 pergameno

332 1670 447 1711 vituli
482 1668 602 1725 quasi
633 1668 903 1723 marsupium,
934 1674 977 1710 et
1006 1668 1166 1710 fortiter
1197 1683 1388 1720 consues,
1419 1669 1478 1710 ita
1512 1670 1712 1724 amplum,
1741 1674 1789 1709 ut

333 1737 486 1778 multas
518 1742 654 1791 partes
685 1736 904 1777 rubricatae
934 1750 1198 1792 pergamenae
1227 1737 1362 1792 possis
1394 1736 1628 1792 implevere.
1689 1736 1788 1785 Quo

334 1804 461 1855 facto,
481 1804 582 1845 tolle
602 1818 751 1844 aurum
780 1818 930 1859 purum
961 1809 1003 1845 et
1034 1804 1101 1845 fac
1128 1804 1230 1845 illud
1258 1804 1462 1846 attenuari
1491 1804 1643 1846 malleo
1665 1819 1789 1860 super

334 1872 529 1913 incudem
553 1872 755 1927 aequalem
790 1871 1118 1928 diligentissime,
1140 1873 1211 1924 ita,
1232 1878 1279 1914 ut
1308 1873 1423 1913 nulla
1455 1872 1509 1913 sit
1535 1872 1577 1912 in
1604 1886 1654 1913 eo
1682 1872 1788 1914 frac-

333 1945 439 1992 tura,
462 1946 504 1981 et
522 1940 658 1981 incide
679 1940 781 1980 illud
800 1955 874 1995 per
893 1940 1076 1996 quadras
1105 1946 1243 1996 partes
1274 1941 1328 1981 ad
1350 1954 1588 1981 mensuram
1610 1940 1788 1981 duorum

333 2007 573 2063 digitorum.
637 2008 803 2049 Deinde
825 2008 965 2050 mittes
990 2008 1032 2048 in
1059 2008 1161 2049 illud
1193 2007 1449 2063 marsupium
1473 2021 1603 2048 unam
1628 2013 1789 2062 partem

334 2075 553 2116 rubricatae
587 2089 866 2131 pergamenae,
903 2081 945 2117 et
980 2090 1107 2132 supra
1139 2090 1232 2117 eam
1266 2090 1393 2116 unam
1426 2081 1588 2131 partem
1620 2075 1709 2116 auri
1745 2075 1789 2116 in

328 2142 487 2194 medio,
508 2143 650 2199 sicque
677 2157 978 2198 pergamenam
1001 2150 1043 2185 et
1068 2158 1209 2185 rursus
1233 2157 1380 2184 aurum
1393 2159 1404 2194 ;
1437 2148 1563 2199 atque
1584 2142 1642 2183 ita
1662 2143 1790 2184 facies

335 2211 469 2252 donec
500 2211 722 2266 impleatur
754 2211 1027 2267 marsupium,
1053 2217 1095 2252 et
1124 2225 1271 2252 aurum
1302 2211 1355 2252 sit
1385 2225 1549 2266 semper
1578 2210 1621 2251 in
1651 2211 1790 2252 medio

334 2279 620 2321 commixtum.
683 2278 850 2320 Dehinc
879 2279 1037 2320 habeas
1067 2279 1263 2320 malleum
1294 2278 1459 2319 fusilem
1489 2293 1540 2319 ex
1566 2278 1788 2354 auricalQ

327 2348 453 2403 juxta
472 2346 736 2388 manubrium
757 2346 955 2402 gracilem
987 2351 1028 2387 et
1052 2346 1096 2387 in
1124 2346 1248 2401 plana
1277 2346 1425 2397 latum,
1447 2346 1558 2386 unde
1585 2346 1790 2401 percuties

334 2415 474 2470 ipsum
504 2414 762 2470 marsupium
796 2428 919 2469 super
947 2414 1129 2469 lapidem
1161 2428 1363 2469 magnum
1395 2419 1436 2454 et
1465 2414 1683 2469 aequalem,
1705 2428 1791 2454 non

334 2483 528 2539 graviter,
550 2482 623 2523 sed
653 2482 893 2534 moderate3
927 2486 969 2522 et
999 2496 1094 2522 cum
1125 2481 1277 2536 saepius
1307 2481 1549 2537 respexeris,
1578 2481 1791 2522 consider-

332 2551 435 2602 abis,
470 2555 610 2592 utrum
642 2550 745 2591 velis
787 2550 923 2606 ipsum
965 2563 1114 2590 aurum
1164 2549 1334 2590 omnino
1383 2553 1508 2590 tenue
1540 2548 1688 2600 facere,
1725 2549 1790 2589 vel

335 2618 598 2661 mediocriter
618 2618 809 2674 spissum.
872 2617 916 2659 Si
937 2623 1077 2659 autem
1110 2617 1409 2672 supercreverit
1437 2631 1584 2657 aurum
1614 2617 1657 2657 in
1687 2622 1792 2657 atte-

334 2687 503 2728 nuando
534 2692 576 2728 et
606 2686 863 2742 marsupium
894 2685 1132 2737 excesserit,
1155 2684 1354 2740 praecides
1384 2683 1486 2725 illud
1514 2684 1671 2740 forcipe
1696 2698 1791 2740 par-

336 2755 433 2796 vulo
455 2760 497 2796 et
518 2755 610 2806 levi,
632 2754 924 2796 tantummodo
953 2753 1006 2795 ad
1034 2753 1115 2794 hoc
1149 2767 1254 2808 opus
1285 2753 1409 2795 facto.
1473 2752 1577 2794 Haec
1603 2758 1666 2794 est
1687 2753 1790 2794 ratio

845 2855 851 2873 ¹
870 2855 935 2886 “id
951 2860 997 2885 est
1013 2853 1179 2894 papiru1n‚’⁷
1196 2865 1230 2885 ea:
1249 2856 1281 2887 C.
1295 2856 1334 2885 R.
