1970 3202
279 280 357 319 158
760 291 1009 317 ΤΗΕΟΡΗΙΙᾸ
1042 291 1174 317 LIBER
1206 290 1253 316 11.

273 392 394 432 unius
428 391 470 430 in
508 396 614 431 terra
649 391 820 442 fossum,
854 397 894 431 et
927 390 1165 445 pertingens
1195 403 1325 445 usque
1354 389 1407 429 ad
1439 388 1721 430 summitatem

272 459 465 501 fenestrae
478 475 488 511 3
520 459 563 499 in
599 458 764 499 sinistra
803 473 900 499 vero
937 458 1130 509 fornacis,
1167 458 1247 498 hoc
1283 464 1347 498 est
1381 458 1423 497 in
1454 457 1601 497 dextra
1635 463 1722 508 tua,

266 528 391 582 juxta
421 527 556 582 ipsam
589 526 827 577 fenestram,
849 526 902 567 sit
935 525 1092 567 fossula
1120 526 1163 566 in
1196 525 1345 581 argilla
1371 525 1495 566 facta.
1557 525 1723 565 Deinde

273 600 394 636 cocto
414 594 534 644 vitro,
557 593 700 648 accipe
730 593 890 649 lignum
912 608 1008 635 cum
1029 594 1164 634 rotula
1197 599 1239 634 et
1265 593 1387 644 ferro,
1409 593 1520 649 quod
1550 599 1724 634 vocatur

272 677 385 713 veru,
407 666 448 702 et
467 676 576 716 pone
597 661 879 702 summitatem
901 662 989 716 ejus
1009 662 1052 701 in
1072 676 1145 702 vas
1166 661 1273 713 vitri,
1293 661 1589 717 modicumque
1610 661 1723 716 quod

273 730 310 770 ei
323 729 544 770 adhaeserit
559 728 783 769 extrahens
797 743 936 784 punge
950 728 1110 769 fortiter
1122 728 1165 768 in
1178 729 1350 784 lignum,
1363 734 1410 769 ut
1422 728 1573 769 vitrum
1585 734 1723 769 trans-

275 797 444 847 foretur‚
470 796 694 851 statimque
719 795 876 836 calefac
904 796 946 835 in
971 796 1143 837 flamma
1170 801 1212 836 et
1233 801 1400 851 percute
1421 810 1544 851 super
1562 795 1723 851 lignum

274 865 351 915 bis,
372 869 419 904 ut
440 864 591 903 vitrum
623 863 831 913 dilatetur,
855 868 979 918 atque
1001 878 1096 903 cum
1128 863 1390 904 festinatione
1411 864 1532 904 volve
1552 878 1723 904 manum

273 939 389 973 tuam
407 947 502 972 curn
519 931 667 972 eodem
689 931 810 980 ferro,
827 936 873 970 ut
886 931 1033 971 anulus
1054 931 1096 970 in
1113 931 1337 971 rotundum
1354 931 1654 986 amplificetur3
1682 938 1724 973 et

273 1001 331 1041 ita
350 999 561 1041 volvendo
583 999 648 1039 fac
666 1013 760 1038 eum
777 998 1031 1038 descendere
1053 1012 1183 1053 usque
1205 998 1258 1038 ad
1279 999 1471 1049 rotulam,
1492 1004 1537 1038 ut
1555 1000 1725 1054 aequalis

273 1069 359 1108 fiat.
423 1066 519 1114 Quo
552 1065 692 1106 statim
729 1065 862 1120 ejecto
892 1065 935 1104 in
971 1065 1186 1115 fossulam,
1219 1065 1366 1106 eodem
1397 1066 1525 1106 modo
1556 1080 1726 1121 operare

274 1137 478 1188 quantum
499 1131 615 1171 velis.
678 1129 804 1178 Quod
834 1129 868 1169 si
890 1129 1068 1170 volueris
1097 1130 1244 1170 anulos
1272 1135 1366 1170 tuos
1396 1129 1486 1170 aliis
1517 1131 1738 1171 coloribus·

274 1198 446 1249 variare,
482 1212 576 1238 cum
613 1197 822 1252 acceperis
857 1197 1010 1237 vitrum
1044 1202 1086 1237 et
1121 1197 1434 1252 transpunxeris
1456 1212 1551 1239 cum
1584 1198 1727 1253 gracili

275 1267 397 1318 ferro,
420 1266 506 1306 eice
528 1266 579 1306 de
611 1265 691 1305 alio
712 1279 810 1305 vase
832 1264 999 1305 alterius
1030 1265 1180 1305 coloris
1201 1264 1369 1316 vitrum,
1392 1265 1434 1305 in
1465 1265 1637 1306 modum
1668 1267 1727 1307 fili

275 1333 539 1375 circumdans
575 1346 624 1373 eo
658 1333 810 1372 vitrum
851 1331 976 1382 anuli,
1011 1331 1162 1371 deinde
1183 1332 1431 1372 calefactum
1462 1333 1505 1372 in
1542 1333 1725 1386 flamma,

275 1401 382 1442 sicut
397 1400 598 1455 superius,
616 1399 737 1440 simili
753 1399 880 1440 modo
895 1399 1059 1453 perfice.
1123 1398 1251 1439 Potes
1272 1399 1397 1439 etiam
1419 1414 1542 1455 super
1557 1401 1726 1441 anulum

275 1467 443 1508 alterius
464 1468 628 1522 generis
661 1467 813 1508 vitrum
842 1480 996 1521 ponere
1029 1466 1137 1506 sicut
1168 1480 1394 1521 gemmam,
1427 1472 1468 1507 et
1496 1468 1653 1509 calefac
1683 1469 1726 1509 in

275 1536 448 1576 flamma
469 1541 515 1576 ut
535 1535 759 1576 adhaereat.

677 1836 884 1863 EXPLICIT
914 1837 1049 1863 LIBER
1080 1836 1324 1865 SECUNDUS.
