1970 3202
223 253 307 294 234
678 264 934 293 THEoPmm
969 264 1106 292 LIBER
1139 265 1208 293 111.

222 366 340 407 trahe
374 379 470 407 cum
504 365 652 406 subula
679 365 831 406 obtusa
851 365 893 404 in
926 364 1064 406 medio
1096 363 1409 405 similitudinem
1444 363 1557 418 agni,
1591 363 1678 404 sive

226 432 443 474 dexteram
465 433 586 488 quasi
603 432 655 473 de
669 432 775 473 coelo
796 432 1119 472 descendentem
1134 437 1176 472 et
1195 432 1444 487 signantem,
1462 436 1502 471 et
1522 430 1681 471 litteras

222 501 329 541 inter
359 500 452 542 illos
486 500 593 540 duos
629 500 819 550 circulos,
842 504 967 555 atque
1000 514 1096 540 cum
1126 499 1234 540 ferro
1266 498 1443 540 fossorio
1476 498 1682 539 subtiliter

224 568 335 619 fode,
357 568 518 623 poliens
539 567 593 608 ad
614 566 812 608 effectum
834 566 942 607 sicut
962 567 1149 607 calicem.

592 928 910 990 CAPUT
987 928 1297 1011 xxvii

442 1076 501 1102 DE
534 1075 710 1103 MAJORE
741 1075 904 1103 CALICE
936 1075 991 1102 ET
1024 1076 1286 1103 INFUSIORIO
1320 1075 1439 1102 EJUS.

331 1170 462 1212 UOD
494 1171 528 1212 si
559 1171 729 1212 calicem
761 1185 961 1226 magnum
995 1176 1239 1226 argenteum
1260 1170 1463 1211 fabricare
1485 1171 1676 1222 volueris,

367 1245 557 1295 quatuor,
579 1245 651 1280 aut
671 1253 758 1291 sex,
777 1253 850 1280 seu
870 1239 1015 1279 decem
1034 1253 1282 1288 marcarum,
1304 1238 1437 1294 primo
1460 1239 1557 1293 igne
1579 1253 1676 1293 pur-

221 1307 341 1363 gabis
362 1314 404 1347 et
422 1306 619 1362 probabis
639 1312 778 1347 totum
798 1312 1034 1361 argentum,
1055 1306 1208 1347 dehinc
1229 1306 1389 1347 divides
1411 1306 1556 1347 ordine
1591 1321 1675 1363 quo

220 1390 356 1430 supra.
392 1375 588 1416 Posthaec
610 1374 752 1430 accipe
781 1374 888 1415 duos
919 1374 1049 1414 ferros
1080 1378 1198 1429 aeque
1231 1374 1380 1429 longos
1413 1381 1455 1414 et
1480 1374 1601 1425 latos,
1623 1373 1676 1414 ad

220 1456 459 1483 mensuram
481 1442 622 1497 palmi,
645 1447 687 1482 et
707 1441 815 1482 sicut
836 1441 997 1482 festuca
1029 1441 1200 1496 spissos,
1221 1442 1436 1497 aequaliter
1456 1456 1677 1496 percussos

220 1515 262 1550 et
282 1524 408 1551 sanos
429 1515 471 1549 et
490 1509 544 1549 ad
565 1509 784 1549 runcinam
804 1508 1025 1563 diligenter
1045 1515 1233 1564 aequatos
1251 1525 1261 1560 3
1293 1509 1400 1550 inter
1421 1524 1528 1565 quos
1548 1509 1676 1550 facies

219 1577 441 1632 corrigiam
471 1576 645 1617 ferream
677 1576 891 1632 aequaliter
920 1591 1160 1631 percussam
1196 1591 1245 1618 ac
1277 1578 1540 1619 mediocriter
1570 1578 1676 1633 spis-

220 1659 324 1696 sam,
345 1659 472 1700 quam
493 1644 763 1699 complicabis
783 1644 825 1684 in
855 1645 1028 1685 modum
1062 1644 1203 1685 circuli
1235 1659 1284 1686 ea
1319 1645 1608 1700 amplitudine,
1630 1651 1677 1686 ut

217 1712 294 1753 tibi
314 1712 504 1752 videatur
524 1711 639 1767 quod
661 1711 794 1766 possit
814 1711 976 1767 impleri
1006 1712 1076 1753 illo
1098 1720 1289 1767 argento,
1312 1713 1425 1769 quod
1446 1713 1489 1753 in
1510 1728 1560 1754 eo
1582 1714 1676 1754 fun-

218 1779 316 1820 dere
338 1779 412 1820 vis.
475 1779 534 1820 Et
554 1794 649 1820 cum
671 1779 902 1835 plicaveris‚
923 1794 1010 1821 non
1043 1780 1276 1835 conjunges
1310 1780 1463 1835 capita,
1486 1781 1559 1821 sed
1581 1796 1673 1822 mo-

218 1847 311 1888 dice
346 1848 574 1902 separabis,
614 1853 662 1888 ut
701 1848 888 1888 foramen
930 1853 1148 1902 appareat,
1189 1862 1263 1903 per
1303 1849 1417 1904 quod
1447 1838 1675 1889 'infundere

218 1915 368 1969 possis.
430 1914 555 1955 Hunc
577 1915 778 1955 circulum
814 1915 979 1970 aptabis
1005 1914 1114 1955 inter
1146 1915 1252 1956 duos
1281 1915 1412 1956 ferros
1443 1916 1675 1971 aequaliter,

216 1984 277 2024 ita
290 1990 336 2024 ut
349 1984 486 2039 capita
502 1984 633 2039 ipsius
653 1990 773 2024 extra
785 1985 916 2025 ferros
933 1998 1081 2039 parum
1095 1990 1339 2040 appareant,
1354 1990 1396 2024 et
1411 1985 1675 2039 constringes

218 2065 290 2091 eos
312 2051 443 2092 tribus
464 2051 602 2092 curvis
633 2052 749 2092 ferris
779 2051 956 2093 fortibus
978 2052 1020 2092 in
1050 2052 1184 2093 tribus
1214 2051 1333 2103 locis,
1355 2052 1550 2093 videlicet
1568 2051 1674 2092 infe-

217 2118 301 2159 rius
323 2124 366 2159 et
386 2133 436 2159 ex
460 2125 635 2175 utraque
656 2125 774 2174 parte
795 2119 920 2174 juxta
942 2119 1144 2164 foramen,
1165 2119 1310 2175 sicque
1340 2119 1459 2160 linies
1480 2119 1671 2174 argillam

218 2192 471 2227 maceratam
494 2187 604 2227 circa
625 2187 824 2228 circulum
846 2187 953 2228 inter
973 2187 1105 2228 ferros
1126 2194 1168 2228 et
1197 2186 1307 2227 circa
1326 2187 1517 2227 foramen
1538 2187 1672 2227 abun-

218 2254 379 2296 danter.
441 2254 582 2303 Quam
624 2257 817 2307 sormam,
854 2271 951 2297 cum
990 2256 1148 2297 siccata
1187 2255 1322 2305 fuerit,
1363 2254 1595 2305 calefacies,
1633 2261 1675 2296 et

216 2322 489 2378 liquefactum
520 2329 742 2379 argentum
773 2323 961 2365 infunde.
1023 2323 1163 2364 Omne
1195 2337 1343 2364 aurum
1374 2328 1416 2363 et
1451 2328 1671 2377 argentum

218 2390 329 2445 quod
353 2390 425 2431 tali
446 2390 573 2431 modo
594 2391 792 2441 funditur,
813 2391 891 2431 nisi
913 2391 1132 2446 contingat
1152 2405 1202 2431 ex
1226 2404 1380 2445 magna
1402 2389 1671 2445 negligentia,

216 2472 381 2512 semper
401 2464 466 2499 est
486 2473 634 2499 sanum
655 2459 708 2499 ad
731 2458 989 2513 operandum
1011 2458 1054 2498 in
1075 2472 1124 2499 eo
1157 2457 1454 2513 quodcumque
1475 2456 1669 2498 volueris.

218 2524 409 2565 Circulos
430 2530 566 2566 autem
590 2526 819 2567 secundum
842 2525 1132 2582 quantitatem,
1154 2539 1281 2580 quam
1314 2524 1531 2564 infundere
1551 2525 1670 2565 volu-

216 2592 310 2643 eris,
346 2593 622 2644 mensurabis,
643 2598 685 2633 et
716 2593 844 2634 facies
877 2593 1056 2648 majores
1090 2598 1132 2633 et
1164 2592 1373 2643 minores3
1407 2591 1545 2632 fusum
1569 2606 1665 2632 vero

217 2666 437 2715 argentum
459 2666 683 2717 postquam
706 2660 959 2716 percusseris
979 2666 1026 2700 ut
1045 2674 1184 2715 supra,
1208 2659 1357 2700 et-vasi
1390 2659 1570 2700 formam
1597 2659 1671 2700 de—

216 2727 338 2779 deris,
361 2728 486 2783 imple
507 2729 607 2770 illud
638 2729 735 2771 cera
757 2734 799 2770 et
830 2733 998 2784 percute
1019 2728 1061 2767 in
1082 2734 1240 2778 venti-e,
1263 2727 1296 2768 si
1319 2727 1499 2768 volueris
1530 2733 1670 2768 costas

215 2797 396 2851 aequales
418 2796 504 2837 sive
526 2797 741 2847 rotundas,
762 2810 856 2852 quae
878 2800 991 2836 stent
1010 2795 1051 2835 in
1085 2795 1258 2836 circuitu
1292 2796 1399 2836 sicut
1421 2794 1667 2844 cochlearia,

214 2864 328 2920 quod
365 2879 470 2920 opus
510 2871 733 2919 utrumque
771 2877 971 2918 magnum
1013 2868 1207 2903 ornatum
1244 2863 1317 2903 dat
1357 2862 1487 2903 calici.
1549 2860 1668 2908 Quas
