1970 3202
280 279 364 320 384
753 293 1007 321 ΤΗΕοΡΗηῙ
1040 293 1178 322 mmm
1209 295 1278 322 111.

280 392 416 433 brium
455 393 633 449 simplex
665 392 842 449 qualiter
873 394 1066 446 volueris,
1109 400 1151 435 et
1194 394 1423 453 secundum
1456 394 1735 450 quantitatem

280 460 370 515 ejus
391 460 457 502 fac
482 460 669 502 foramen
690 461 756 502 cui
784 461 973 503 cultellus
1003 461 1161 517 imponi
1190 461 1329 513 debet,
1360 467 1488 518 atque
1508 462 1679 518 injunge
1700 462 1738 503 ei

279 528 439 583 lignum
470 529 700 584 diligenter,
722 533 764 570 et
791 528 898 570 sicut
924 529 1085 585 lignum
1115 530 1341 571 formatum
1373 535 1449 581 est,
1470 529 1529 571 ita
1557 529 1624 571 fac
1651 529 1736 571 for-

281 596 385 636 mari
414 596 593 638 caudam
624 596 790 638 cultelli.
852 596 1020 638 Deinde
1050 602 1137 639 tere
1166 597 1263 638 thus
1294 597 1478 638 lucidum
1508 597 1552 637 in
1580 597 1738 638 tenuis—

280 664 433 705 simum
452 665 679 719 pulverem,
701 669 743 705 et
762 664 859 705 inde
880 663 1008 720 imple
1029 665 1218 706 foramen
1240 665 1463 720 manubrij,
1493 670 1621 720 atque
1642 678 1738 705 cum

278 731 388 772 lineo
409 746 549 787 panno
565 732 739 773 humido
759 731 925 773 involve
941 732 1154 773 cultellum
1169 732 1295 787 juxta
1314 732 1492 772 caudam
1508 731 1737 786 tripliciter,

278 812 523 855 ponensque
552 804 650 840 ante
673 799 899 850 fornacem,
930 799 1088 840 calefac
1120 799 1256 854 ipsam
1276 798 1457 839 caudam
1485 798 1621 839 donee
1642 813 1735 839 mo—

279 866 422 907 dicum
458 866 696 917 candescat,
738 865 965 921 statimque
1004 866 1134 921 infige
1173 866 1394 907 manubrio
1433 866 1656 921 diligenter
1690 871 1739 906 ut

279 933 385 974 bene
424 933 715 989 conjungatur,
756 938 798 974 et
837 933 1010 975 firmiter
1049 933 1189 974 stabit.
1266 933 1395 982 Quod
1435 933 1471 974 si
1509 932 1735 989 aliquando

278 1005 497 1052 vetustate,
518 1001 584 1042 vel
604 1000 780 1052 incuria,
808 1000 998 1041 cultellus
1020 1000 1251 1056 frangatur,
1279 1001 1337 1042 ita
1356 1007 1404 1042 ut
1424 1001 1627 1057 particula
1647 1001 1736 1056 ejus

278 1073 396 1109 extra
417 1068 683 1110 manubrium
711 1067 904 1119 emineat,
926 1067 1083 1109 calefac
1110 1068 1311 1124 forcipem
1336 1068 1491 1124 ferrarij
1515 1073 1641 1124 atque
1662 1068 1736 1109 ad-

278 1135 488 1190 prehende
523 1135 659 1191 ipsam
702 1134 881 1176 caudam
927 1140 969 1176 et
1013 1135 1312 1192 aliquantisper
1351 1141 1461 1187 tene,
1498 1135 1632 1176 donec
1671 1135 1736 1175 in-

278 1203 473 1254 calescat,
495 1208 537 1244 et
557 1202 699 1244 statim
726 1203 912 1244 extrahe.
972 1201 1083 1244 Cum
1103 1203 1312 1259 sulphure,
1339 1217 1424 1260 quo
1445 1203 1557 1254 trito,
1585 1203 1735 1244 eodem

278 1271 406 1312 modo
432 1270 588 1312 firmari
614 1276 754 1327 potest
774 1271 981 1323 cultellus,
1015 1286 1101 1313 non
1128 1272 1265 1313 solum
1286 1272 1330 1312 in
1350 1285 1446 1313 osse
1472 1271 1546 1312 sed
1566 1271 1610 1312 in
1630 1271 1735 1312 duro

278 1338 408 1393 ligno.

656 1720 974 1784 CAPUT
1060 1719 1353 1783 XCIII.
1411 1739 1414 1741 “

739 1890 800 1917 DE
832 1887 1129 1917 RUBRICANDO
1161 1886 1280 1915 OSSE.

383 2010 449 2052 ST
488 2011 615 2053 etiam
649 2009 780 2051 herba
816 2008 979 2049 rubrica
1013 2007 1140 2058 dicta,
1181 2006 1301 2062 cujus
1339 2005 1458 2047 radix
1495 2012 1558 2048 est
1592 2008 1733 2064 longa,

411 2079 574 2135 gracilis
595 2084 638 2120 et
657 2076 904 2127 rubicunda,
926 2089 1021 2132 quae
1041 2074 1198 2116 effossa
1218 2074 1305 2116 sole
1326 2074 1518 2127 siccatur,
1544 2080 1670 2131 atque
1691 2075 1734 2115 in

277 2142 475 2188 mortario
511 2145 596 2202 pila
627 2145 832 2196 tunditur,
870 2150 912 2184 et
947 2143 1006 2185 sic
1041 2142 1177 2184 lexiva
1212 2142 1380 2198 perfusa
1413 2142 1458 2183 in
1490 2142 1574 2184 olla
1612 2141 1702 2183 radi
1720 2141 1731 2161 ¹

277 2215 483 2271 coquitur.
559 2212 640 2254 Cui
670 2226 766 2253 cum
796 2211 902 2252 bene
932 2210 1139 2261 bulluerit,
1170 2224 1218 2251 os
1247 2209 1481 2265 elephantis
1511 2224 1585 2251 seu
1608 2208 1733 2265 piscis

276 2283 343 2323 vel
383 2282 493 2323 cervi
523 2280 780 2336 impositum,
805 2278 986 2319 ‘rubrum
1032 2278 1094 2318 fit.
1174 2276 1364 2318 Possunt
1405 2277 1534 2318 etiam
1580 2291 1633 2318 ex
1666 2276 1733 2318 his

276 2350 442 2391 ossibus
478 2350 544 2391 vel
576 2348 771 2390 cornibus
804 2345 989 2388 tornatili
1025 2360 1150 2401 opere
1182 2345 1273 2386 fieri
1311 2343 1456 2386 noda²
1495 2345 1538 2386 in
1573 2345 1733 2387 baculis

211 2433 215 2437 ·
276 2417 580 2473 episcoporum,
602 2415 832 2466 abbatium‚
855 2419 982 2469 atque
1002 2412 1183 2454 minores
1203 2413 1350 2454 noduli
1369 2412 1543 2454 diversis
1561 2412 1734 2454 utensil-

276 2484 370 2526 ibus
400 2483 499 2539 apti.
561 2482 681 2532 Quos
711 2496 807 2523 cum
838 2480 969 2522 acutis
998 2479 1114 2521 ferris
1143 2480 1374 2521 tornaveris
1403 2494 1499 2522 cum
1529 2481 1732 2536 asperella

276 2551 477 2607 aequabis,
498 2557 541 2592 et
559 2550 759 2606 colligens
779 2562 945 2590 rasuras
965 2547 1008 2588 in
1030 2561 1171 2602 panno
1190 2546 1300 2588 lineo
1324 2548 1503 2603 desuper
1522 2547 1731 2589 tornando

275 2619 436 2660 fortiter
455 2618 636 2670 fricabis‚
668 2623 710 2658 et
730 2615 900 2658 omnino
926 2613 1051 2655 lucidi
1077 2614 1195 2655 fient.
1258 2613 1480 2656 Cineribus
1500 2614 1669 2656 cribatis
1689 2621 1732 2657 et

275 2686 397 2726 laneo
426 2700 566 2741 panno
596 2684 739 2726 inditis
774 2682 928 2740 poteris
958 2681 1178 2723 manubria
1207 2696 1375 2734 cornea,
1414 2688 1456 2724 et
1484 2689 1730 2725 venatorum

277 2767 446 2804 cornua,
477 2754 543 2794 vel
572 2753 737 2794 tabulas
766 2752 810 2792 in
838 2749 1017 2791 lucernis
1046 2749 1201 2805 polire3
1243 2749 1298 2791 ad
1327 2750 1523 2792 ultimum
1553 2753 1650 2793 vero
1677 2764 1730 2792 ne

276 2820 536 2863 obliviscaris
558 2835 607 2862 ea
626 2820 745 2861 nucis
766 2819 860 2861 oleo
881 2817 1136 2874 superlinire.

621 2906 631 2926 ¹
653 2906 746 2939 mal
1131 2902 1146 2926 ³
1168 2903 1298 2943 “nodi,”
1310 2902 1384 2937 ὑπὸ.
