1970 3202
283 269 369 308 ⁴262
751 281 1006 308 THEOPHILI
1040 281 1178 307 LIBER
1209 282 1280 308 111.

281 380 562 436 aequalitatem
595 381 722 422 totius
755 386 946 436 patenae3
987 395 1112 436 quem
1149 380 1283 422 fodies
1317 381 1523 423 subtiliter
1557 387 1599 422 et
1628 381 1747 422 deni-

282 448 437 503 grabis,
468 448 755 504 reliquamque
787 455 986 504 patenam
1017 448 1252 500 deaurabis,
1284 455 1326 490 et
1359 448 1490 504 polies
1521 454 1746 504 utrumque

284 515 393 557 sicut
413 516 616 571 superius,

717 844 1035 907 CAPUT
1114 844 1335 907 XLV.

870 1002 931 1029 DE
962 1001 1167 1029 FISTULA.

290 1113 662 1214 FISTULUM
686 1127 854 1169 quoque
876 1112 1004 1153 facies
1025 1112 1069 1152 in
1100 1111 1229 1153 calice
1250 1111 1332 1154 hoc
1363 1113 1504 1155 modo.
1567 1113 1653 1155 Fac
1675 1114 1750 1156 tibi

417 1183 571 1224 ferrum
603 1182 866 1237 longitudine
902 1182 1052 1236 palmae
1083 1181 1206 1221 unius
1237 1186 1279 1221 et
1299 1187 1479 1237 quatuor
1509 1182 1749 1237 digitorum,

287 1251 402 1307 quod
438 1251 482 1290 in
516 1265 601 1291 una
641 1250 881 1290 summitate
913 1249 1034 1289 valde
1067 1249 1121 1289 sit
1153 1248 1321 1304 gracile,
1343 1257 1386 1290 et
1419 1249 1517 1290 inde
1550 1250 1752 1305 procedat

287 1319 474 1374 grossius
495 1333 629 1373 usque
651 1317 704 1358 ad
726 1318 901 1357 alteram
926 1316 1227 1368 summitatem,
1249 1331 1343 1372 quae
1364 1317 1417 1357 sit
1437 1317 1545 1358 sicut
1565 1317 1750 1369 festuca3

286 1386 424 1441 sitque
445 1386 599 1426 ferrum
621 1385 849 1426 rotundum
870 1390 912 1424 et
928 1384 1143 1440 aequaliter
1162 1383 1367 1424 limatum.
1429 1383 1625 1440 Cumque
1646 1391 1751 1425 atte-

287 1455 480 1495 nuaveris
514 1459 734 1509 argentum
771 1467 934 1508 purum,
958 1451 1164 1506 complica
1196 1451 1295 1492 illud
1329 1451 1437 1492 circa
1469 1452 1551 1493 hoc
1581 1453 1751 1504 ferrum,

288 1523 550 1578 conjungens
585 1521 846 1562 summitates
879 1520 1093 1575 aequaliter
1125 1534 1221 1560 cum
1254 1519 1368 1570 lima,
1389 1520 1606 1576 ejectoque
1640 1520 1750 1561 ferro

290 1589 410 1630 mitte
443 1589 486 1629 in
522 1589 664 1644 ignem
700 1594 742 1628 et
778 1587 925 1628 solida.
987 1586 1173 1628 Rursum
1208 1587 1406 1642 imposito
1442 1587 1550 1628 ferro
1583 1593 1753 1642 percute

289 1670 387 1696 cum
408 1656 560 1697 malleo
582 1655 795 1712 aequaliter
814 1670 888 1710 per
910 1654 1052 1695 omnia
1083 1655 1260 1706 tamdiu,
1281 1655 1419 1695 donec
1444 1654 1646 1710 junctura
1667 1669 1753 1696 non

289 1729 504 1779 appareat.
563 1723 731 1764 Deinde
746 1722 812 1763 fac
830 1722 988 1763 nodum
1006 1722 1271 1777 singulariter
1288 1722 1514 1762 rotundum
1529 1728 1569 1762 et
1585 1737 1751 1773 cavum,

288 1791 375 1832 sive
398 1791 735 1847 quadrangulum
756 1796 798 1831 et
818 1790 1012 1841 solidum,
1029 1795 1070 1830 et
1090 1790 1156 1830 fac
1177 1789 1219 1829 in
1241 1805 1290 1830 eo
1312 1789 1529 1840 foramem,
1551 1804 1625 1845 per
1639 1790 1752 1845 quod

289 1858 540 1899 immittatur
563 1858 701 1898 fistula
722 1858 776 1898 ab
798 1857 980 1899 inferiori
1002 1862 1134 1912 parte,
1156 1871 1291 1912 usque
1313 1871 1419 1911 pene
1440 1857 1494 1897 ad
1526 1859 1752 1908 summum,

288 1925 433 1981 sicque
453 1925 588 1980 ejecto
610 1925 717 1966 ferro
739 1940 903 1966 rursum
925 1924 1126 1965 solidabis
1147 1939 1221 1979 per
1251 1924 1406 1964 omnia.
1469 1922 1661 1980 Cumque
1682 1925 1752 1964 fir-

291 2007 407 2032 mum
442 1992 576 2043 fuerit,
599 1993 738 2033 denuo
775 1993 974 2048 imposito
995 1993 1104 2033 ferro
1136 1991 1341 2047 percuties
1363 1991 1549 2047 undique
1582 2006 1607 2032 a
1638 1992 1751 2032 nodo

289 2060 486 2100 deorsum
508 2060 644 2100 donec
665 2061 841 2115 aequalis
862 2061 938 2100 fiat
958 2067 1000 2100 et
1021 2059 1170 2114 rigida,
1192 2065 1233 2099 et
1254 2074 1278 2100 a
1299 2059 1412 2099 nodo
1435 2073 1598 2099 sursum
1621 2059 1754 2100 silicet

289 2142 340 2168 ea
360 2133 492 2182 parte,
526 2141 620 2182 quae
643 2127 765 2168 latior
785 2133 827 2167 et
847 2127 1034 2182 grossior
1066 2114 1143 2177 est,
1167 2127 1337 2181 impone
1371 2127 1524 2182 ferrum
1547 2133 1685 2178 tenue,
1711 2132 1753 2168 et

289 2196 421 2235 latum
442 2195 675 2235 secundum
696 2194 1017 2249 amplitudinem
1039 2195 1204 2245 fistulae,
1226 2201 1352 2249 atque
1373 2208 1469 2234 cum
1492 2195 1642 2235 malleo
1656 2209 1750 2249 per-

290 2269 387 2303 cute
423 2277 548 2317 super
570 2262 777 2312 incudem,
798 2262 857 2302 ita
890 2267 937 2302 ut
968 2261 1159 2302 foramen
1180 2262 1367 2316 superius
1400 2261 1452 2302 sit
1473 2262 1678 2317 quadrum
1710 2267 1753 2303 et

289 2336 428 2380 tenue,
462 2329 578 2385 quod
601 2344 626 2369 a
654 2330 767 2370 nodo
790 2344 955 2369 sursum
987 2343 1110 2384 super
1131 2329 1304 2369 calicem
1338 2329 1519 2369 eminere
1549 2329 1687 2381 debet,
1710 2335 1755 2378 et

290 2412 361 2438 ore
392 2397 537 2447 teneri,
565 2385 736 2437 inferius
766 2411 863 2437 vero
886 2396 1112 2437 rotundum
1134 2403 1176 2436 et
1205 2396 1374 2451 gracile.
1435 2395 1534 2444 Quo
1565 2397 1695 2449 facto,
1716 2397 1751 2438 si

292 2464 486 2515 volueris,
509 2464 667 2505 nodum
689 2479 784 2504 cum
805 2464 958 2519 nigello
980 2464 1141 2504 variare
1153 2463 1322 2519 poteriS,
1344 2469 1386 2504 et
1406 2464 1611 2519 reliquam
1634 2466 1751 2505 fistu-

290 2533 374 2573 lam
397 2533 543 2573 ordine
559 2548 643 2588 quo
666 2547 792 2588 supra
813 2532 1047 2573 deaurabis.
1110 2532 1205 2572 Hoc
1226 2531 1398 2572 omnino
1428 2545 1543 2582 cave,
1559 2538 1605 2573 ut
1625 2547 1751 2574 omne

291 2606 512 2655 argentum
537 2600 718 2655 spissum
740 2601 854 2656 quod
876 2601 1075 2650 deaurare
1097 2599 1289 2651 volueris,
1315 2599 1402 2640 sive
1423 2599 1465 2639 in
1487 2600 1663 2656 scypho,
1685 2601 1751 2641 vel

290 2666 465 2707 scutella
486 2673 557 2708 aut
589 2667 786 2722 ampulla,
824 2667 983 2708 fortiter
1010 2667 1147 2718 radas,
1173 2666 1272 2722 quia
1307 2667 1350 2706 in
1387 2667 1657 2721 percutiendo
1693 2668 1747 2709 ab

290 2734 388 2790 igne
411 2741 451 2775 et
485 2736 635 2776 malleo
658 2742 797 2776 cutem
825 2750 875 2775 ex
908 2749 953 2775 se
984 2734 1126 2785 trahit,
1150 2749 1242 2788 quae
1259 2733 1293 2774 si
1326 2733 1476 2774 abrasa
1506 2748 1592 2775 non
1614 2735 1747 2786 fuerit,
