<?xml version="1.0" encoding="UTF-8"?>
<!DOCTYPE html PUBLIC "-//W3C//DTD XHTML 1.0 Transitional//EN"
    "http://www.w3.org/TR/xhtml1/DTD/xhtml1-transitional.dtd">
<html xmlns="http://www.w3.org/1999/xhtml" xml:lang="en" lang="en">
 <head>
  <title>
</title>
<meta http-equiv="Content-Type" content="text/html;charset=utf-8" />
  <meta name='ocr-system' content='tesseract 3.04.00' />
  <meta name='ocr-capabilities' content='ocr_page ocr_carea ocr_par ocr_line ocrx_word'/>
</head>
<body>
  <div class='ocr_page' id='page_1' title='image "./theophiliquietru00theouoft_0068.png"; bbox 0 0 1970 3202; ppageno 0'>
   <div class='ocr_carea' id='block_1_1' title="bbox 304 229 1151 272">
    <p class='ocr_par' dir='ltr' id='par_1_1' title="bbox 304 229 1151 272">
     <span class='ocr_line' id='line_1_1' title="bbox 304 229 1151 272; baseline 0.006 -5"><span class='ocrx_word' id='word_1_1' title='bbox 304 229 316 267; x_wconf 92' lang='lat' dir='ltr'>l</span> <span class='ocrx_word' id='word_1_2' title='bbox 918 243 1151 272; x_wconf 73' lang='lat' dir='ltr'>PREFArlo.</span> 
     </span>
    </p>
   </div>
   <div class='ocr_carea' id='block_1_2' title="bbox 306 351 1823 947">
    <p class='ocr_par' dir='ltr' id='par_1_2' title="bbox 306 351 1823 947">
     <span class='ocr_line' id='line_1_2' title="bbox 371 351 1758 413; baseline 0.003 -17"><span class='ocrx_word' id='word_1_3' title='bbox 371 351 675 412; x_wconf 79' lang='lat' dir='ltr'>Quapropter,</span> <span class='ocrx_word' id='word_1_4' title='bbox 689 352 755 397; x_wconf 88' lang='lat' dir='ltr'>fili</span> <span class='ocrx_word' id='word_1_5' title='bbox 770 353 1045 406; x_wconf 83' lang='lat' dir='ltr'>dulcissime,</span> <span class='ocrx_word' id='word_1_6' title='bbox 1059 368 1199 413; x_wconf 89' lang='lat' dir='ltr'>quem</span> <span class='ocrx_word' id='word_1_7' title='bbox 1218 352 1349 399; x_wconf 89' lang='lat' dir='ltr'>Deus</span> <span class='ocrx_word' id='word_1_8' title='bbox 1364 354 1552 398; x_wconf 88' lang='lat' dir='ltr'>omnino</span> <span class='ocrx_word' id='word_1_9' title='bbox 1567 354 1758 400; x_wconf 88' lang='lat' dir='ltr'>beatum</span> 
     </span>
     <span class='ocr_line' id='line_1_3' title="bbox 306 421 1823 490; baseline 0.003 -18"><span class='ocrx_word' id='word_1_10' title='bbox 306 427 418 472; x_wconf 86' lang='lat' dir='ltr'>fecit</span> <span class='ocrx_word' id='word_1_11' title='bbox 442 429 490 472; x_wconf 89' lang='lat' dir='ltr'>in</span> <span class='ocrx_word' id='word_1_12' title='bbox 513 428 599 473; x_wconf 91' lang='lat' dir='ltr'>hac</span> <span class='ocrx_word' id='word_1_13' title='bbox 622 434 765 488; x_wconf 86' lang='lat' dir='ltr'>parte,</span> <span class='ocrx_word' id='word_1_14' title='bbox 790 443 881 488; x_wconf 89' lang='lat' dir='ltr'>qua</span> <span class='ocrx_word' id='word_1_15' title='bbox 903 429 987 474; x_wconf 90' lang='lat' dir='ltr'>tibi</span> <span class='ocrx_word' id='word_1_16' title='bbox 1024 429 1167 490; x_wconf 86' lang='lat' dir='ltr'>gratis</span> <span class='ocrx_word' id='word_1_17' title='bbox 1191 429 1460 483; x_wconf 85' lang='lat' dir='ltr'>offeruntur,</span> <span class='ocrx_word' id='word_1_18' title='bbox 1490 445 1590 489; x_wconf 80' lang='lat' dir='ltr'>quae</span> <span class='ocrx_word' id='word_1_19' title='bbox 1621 432 1760 477; x_wconf 90' lang='lat' dir='ltr'>multi</span> <span class='ocrx_word' id='word_1_20' title='bbox 1819 421 1823 424; x_wconf 30' lang='lat'><strong>³</strong></span> 
     </span>
     <span class='ocr_line' id='line_1_4' title="bbox 306 504 1757 566; baseline 0.004 -18"><span class='ocrx_word' id='word_1_21' title='bbox 306 504 506 549; x_wconf 90' lang='lat' dir='ltr'>marinos</span> <span class='ocrx_word' id='word_1_22' title='bbox 522 510 731 550; x_wconf 77' lang='lat' dir='ltr'>secantes</span> <span class='ocrx_word' id='word_1_23' title='bbox 750 505 918 551; x_wconf 89' lang='lat' dir='ltr'>fluctus</span> <span class='ocrx_word' id='word_1_24' title='bbox 933 521 1041 551; x_wconf 89' lang='lat' dir='ltr'>cum</span> <span class='ocrx_word' id='word_1_25' title='bbox 1056 521 1236 551; x_wconf 90' lang='lat' dir='ltr'>summo</span> <span class='ocrx_word' id='word_1_26' title='bbox 1254 507 1459 566; x_wconf 88' lang='lat' dir='ltr'>periculo</span> <span class='ocrx_word' id='word_1_27' title='bbox 1484 508 1602 561; x_wconf 79' lang='lat' dir='ltr'>vitae,</span> <span class='ocrx_word' id='word_1_28' title='bbox 1622 509 1757 555; x_wconf 87' lang='lat' dir='ltr'>famis</span> 
     </span>
     <span class='ocr_line' id='line_1_5' title="bbox 307 579 1757 640; baseline 0.005 -17"><span class='ocrx_word' id='word_1_29' title='bbox 307 594 361 623; x_wconf 90' lang='lat' dir='ltr'>ac</span> <span class='ocrx_word' id='word_1_30' title='bbox 397 579 576 640; x_wconf 88' lang='lat' dir='ltr'>frigoris</span> <span class='ocrx_word' id='word_1_31' title='bbox 615 581 752 626; x_wconf 88' lang='lat' dir='ltr'>artati</span> <span class='ocrx_word' id='word_1_32' title='bbox 801 582 1092 636; x_wconf 79' lang='lat' dir='ltr'>necessitate,</span> <span class='ocrx_word' id='word_1_33' title='bbox 1128 587 1210 627; x_wconf 87' lang='lat' dir='ltr'>aut</span> <span class='ocrx_word' id='word_1_34' title='bbox 1257 583 1475 629; x_wconf 87' lang='lat' dir='ltr'>diuturna</span> <span class='ocrx_word' id='word_1_35' title='bbox 1515 585 1757 630; x_wconf 88' lang='lat' dir='ltr'>doctorum</span> 
     </span>
     <span class='ocr_line' id='line_1_6' title="bbox 307 656 1759 718; baseline 0.004 -18"><span class='ocrx_word' id='word_1_36' title='bbox 307 656 413 701; x_wconf 90' lang='lat' dir='ltr'>fessi</span> <span class='ocrx_word' id='word_1_37' title='bbox 439 658 678 711; x_wconf 89' lang='lat' dir='ltr'>servitute,</span> <span class='ocrx_word' id='word_1_38' title='bbox 694 658 819 703; x_wconf 91' lang='lat' dir='ltr'>omni</span> <span class='ocrx_word' id='word_1_39' title='bbox 836 658 1068 717; x_wconf 86' lang='lat' dir='ltr'>modoque</span> <span class='ocrx_word' id='word_1_40' title='bbox 1086 659 1268 718; x_wconf 88' lang='lat' dir='ltr'>fatigati</span> <span class='ocrx_word' id='word_1_41' title='bbox 1294 659 1500 705; x_wconf 88' lang='lat' dir='ltr'>discendi</span> <span class='ocrx_word' id='word_1_42' title='bbox 1518 661 1759 715; x_wconf 87' lang='lat' dir='ltr'>desiderio,</span> 
     </span>
     <span class='ocr_line' id='line_1_7' title="bbox 306 731 1755 794; baseline 0.006 -18"><span class='ocrx_word' id='word_1_43' title='bbox 306 731 587 778; x_wconf 87' lang='lat' dir='ltr'>intolerabili</span> <span class='ocrx_word' id='word_1_44' title='bbox 610 739 769 779; x_wconf 88' lang='lat' dir='ltr'>tamen</span> <span class='ocrx_word' id='word_1_45' title='bbox 792 735 1038 794; x_wconf 90' lang='lat' dir='ltr'>acquirunt</span> <span class='ocrx_word' id='word_1_46' title='bbox 1062 734 1218 780; x_wconf 89' lang='lat' dir='ltr'>labore</span> <span class='ocrx_word' id='word_1_47' title='bbox 1237 750 1249 788; x_wconf 90' lang='lat'>;</span> <span class='ocrx_word' id='word_1_48' title='bbox 1285 734 1403 780; x_wconf 86' lang='lat' dir='ltr'>hanc</span> <span class='ocrx_word' id='word_1_49' title='bbox 1427 736 1755 784; x_wconf 80' lang='lat' dir='ltr'>DIVERSARUM</span> 
     </span>
     <span class='ocr_line' id='line_1_8' title="bbox 306 811 1757 873; baseline 0.005 -20"><span class='ocrx_word' id='word_1_50' title='bbox 306 822 497 854; x_wconf 85' lang='lat' dir='ltr'>ARTIUM</span> <span class='ocrx_word' id='word_1_51' title='bbox 520 823 815 856; x_wconf 79' lang='lat' dir='ltr'>scHEDULAM</span> <span class='ocrx_word' id='word_1_52' title='bbox 849 812 994 857; x_wconf 86' lang='lat' dir='ltr'>avidis</span> <span class='ocrx_word' id='word_1_53' title='bbox 1018 811 1259 857; x_wconf 89' lang='lat' dir='ltr'>obtutibus</span> <span class='ocrx_word' id='word_1_54' title='bbox 1293 814 1580 873; x_wconf 86' lang='lat' dir='ltr'>concupisce,</span> <span class='ocrx_word' id='word_1_55' title='bbox 1604 816 1757 860; x_wconf 88' lang='lat' dir='ltr'>tenaci</span> 
     </span>
     <span class='ocr_line' id='line_1_9' title="bbox 306 886 1481 947; baseline 0.004 -18"><span class='ocrx_word' id='word_1_56' title='bbox 306 886 530 930; x_wconf 88' lang='lat' dir='ltr'>memoria</span> <span class='ocrx_word' id='word_1_57' title='bbox 551 887 748 947; x_wconf 86' lang='lat' dir='ltr'>perlege,</span> <span class='ocrx_word' id='word_1_58' title='bbox 771 888 952 932; x_wconf 85' lang='lat' dir='ltr'>ardenti</span> <span class='ocrx_word' id='word_1_59' title='bbox 977 903 1133 933; x_wconf 88' lang='lat' dir='ltr'>amore</span> <span class='ocrx_word' id='word_1_60' title='bbox 1157 887 1481 947; x_wconf 87' lang='lat' dir='ltr'>complectere.</span> 
     </span>
    </p>
   </div>
   <div class='ocr_carea' id='block_1_3' title="bbox 300 1115 1762 2633">
    <p class='ocr_par' dir='ltr' id='par_1_3' title="bbox 300 1115 1761 1852">
     <span class='ocr_line' id='line_1_10' title="bbox 372 1115 1761 1179; baseline 0.004 -19"><span class='ocrx_word' id='word_1_61' title='bbox 372 1115 524 1168; x_wconf 81' lang='lat' dir='ltr'>Quam</span> <span class='ocrx_word' id='word_1_62' title='bbox 558 1117 595 1162; x_wconf 93' lang='lat' dir='ltr'>si</span> <span class='ocrx_word' id='word_1_63' title='bbox 631 1117 898 1178; x_wconf 89' lang='lat' dir='ltr'>diligentius</span> <span class='ocrx_word' id='word_1_64' title='bbox 932 1118 1244 1178; x_wconf 87' lang='lat' dir='ltr'>perscruteris,</span> <span class='ocrx_word' id='word_1_65' title='bbox 1279 1117 1374 1163; x_wconf 92' lang='lat' dir='ltr'>illic</span> <span class='ocrx_word' id='word_1_66' title='bbox 1401 1118 1610 1164; x_wconf 88' lang='lat' dir='ltr'>invenies</span> <span class='ocrx_word' id='word_1_67' title='bbox 1633 1120 1761 1179; x_wconf 88' lang='lat' dir='ltr'>quic-</span> 
     </span>
     <span class='ocr_line' id='line_1_11' title="bbox 305 1193 1761 1256; baseline 0.003 -20"><span class='ocrx_word' id='word_1_68' title='bbox 305 1193 415 1251; x_wconf 91' lang='lat' dir='ltr'>quid</span> <span class='ocrx_word' id='word_1_69' title='bbox 438 1193 487 1237; x_wconf 91' lang='lat' dir='ltr'>in</span> <span class='ocrx_word' id='word_1_70' title='bbox 511 1193 794 1239; x_wconf 88' lang='lat' dir='ltr'>diversorum</span> <span class='ocrx_word' id='word_1_71' title='bbox 818 1195 1024 1240; x_wconf 90' lang='lat' dir='ltr'>colorum</span> <span class='ocrx_word' id='word_1_72' title='bbox 1041 1195 1288 1256; x_wconf 87' lang='lat' dir='ltr'>generibus</span> <span class='ocrx_word' id='word_1_73' title='bbox 1306 1200 1355 1240; x_wconf 92' lang='lat' dir='ltr'>et</span> <span class='ocrx_word' id='word_1_74' title='bbox 1379 1195 1595 1240; x_wconf 85' lang='lat' dir='ltr'>mixturis</span> <span class='ocrx_word' id='word_1_75' title='bbox 1618 1195 1761 1242; x_wconf 88' lang='lat' dir='ltr'>habet</span> 
     </span>
     <span class='ocr_line' id='line_1_12' title="bbox 306 1268 1761 1332; baseline 0.002 -18"><span class='ocrx_word' id='word_1_76' title='bbox 306 1268 510 1324; x_wconf 80' lang='lat' dir='ltr'>Graecia3</span> <span class='ocrx_word' id='word_1_77' title='bbox 545 1270 764 1330; x_wconf 90' lang='lat' dir='ltr'>quicquid</span> <span class='ocrx_word' id='word_1_78' title='bbox 795 1272 843 1316; x_wconf 92' lang='lat' dir='ltr'>in</span> <span class='ocrx_word' id='word_1_79' title='bbox 875 1271 1132 1317; x_wconf 90' lang='lat' dir='ltr'>electorum</span> <span class='ocrx_word' id='word_1_80' title='bbox 1167 1272 1460 1332; x_wconf 86' lang='lat' dir='ltr'>operositate,</span> <span class='ocrx_word' id='word_1_81' title='bbox 1485 1286 1567 1316; x_wconf 89' lang='lat' dir='ltr'>seu</span> <span class='ocrx_word' id='word_1_82' title='bbox 1600 1272 1761 1332; x_wconf 86' lang='lat' dir='ltr'>nigelli</span> 
     </span>
     <span class='ocr_line' id='line_1_13' title="bbox 302 1346 1759 1408; baseline 0.003 -19"><span class='ocrx_word' id='word_1_83' title='bbox 302 1346 529 1391; x_wconf 88' lang='lat' dir='ltr'>varietate</span> <span class='ocrx_word' id='word_1_84' title='bbox 567 1347 696 1392; x_wconf 91' lang='lat' dir='ltr'>novit</span> <span class='ocrx_word' id='word_1_85' title='bbox 729 1347 922 1402; x_wconf 88' lang='lat' dir='ltr'>Tuscia;</span> <span class='ocrx_word' id='word_1_86' title='bbox 960 1348 1181 1408; x_wconf 89' lang='lat' dir='ltr'>quicquid</span> <span class='ocrx_word' id='word_1_87' title='bbox 1214 1347 1379 1393; x_wconf 93' lang='lat' dir='ltr'>ductili</span> <span class='ocrx_word' id='word_1_88' title='bbox 1403 1348 1479 1393; x_wconf 88' lang='lat' dir='ltr'>vel</span> <span class='ocrx_word' id='word_1_89' title='bbox 1514 1348 1651 1402; x_wconf 89' lang='lat' dir='ltr'>fusili,</span> <span class='ocrx_word' id='word_1_90' title='bbox 1676 1363 1759 1393; x_wconf 87' lang='lat' dir='ltr'>seu</span> 
     </span>
     <span class='ocr_line' id='line_1_14' title="bbox 302 1422 1758 1484; baseline 0.003 -18"><span class='ocrx_word' id='word_1_91' title='bbox 302 1422 548 1467; x_wconf 85' lang='lat' dir='ltr'>interrasili</span> <span class='ocrx_word' id='word_1_92' title='bbox 571 1438 710 1482; x_wconf 90' lang='lat' dir='ltr'>opere</span> <span class='ocrx_word' id='word_1_93' title='bbox 735 1424 979 1484; x_wconf 86' lang='lat' dir='ltr'>distinguit</span> <span class='ocrx_word' id='word_1_94' title='bbox 1003 1423 1202 1478; x_wconf 86' lang='lat' dir='ltr'>Arabia;</span> <span class='ocrx_word' id='word_1_95' title='bbox 1235 1425 1456 1484; x_wconf 91' lang='lat' dir='ltr'>quicquid</span> <span class='ocrx_word' id='word_1_96' title='bbox 1478 1425 1527 1469; x_wconf 88' lang='lat' dir='ltr'>in</span> <span class='ocrx_word' id='word_1_97' title='bbox 1545 1439 1758 1470; x_wconf 86' lang='lat' dir='ltr'>vasorum</span> 
     </span>
     <span class='ocr_line' id='line_1_15' title="bbox 303 1499 1758 1560; baseline 0.001 -17"><span class='ocrx_word' id='word_1_98' title='bbox 303 1499 583 1552; x_wconf 90' lang='lat' dir='ltr'>diversitate,</span> <span class='ocrx_word' id='word_1_99' title='bbox 631 1515 713 1544; x_wconf 91' lang='lat' dir='ltr'>seu</span> <span class='ocrx_word' id='word_1_100' title='bbox 758 1515 1048 1560; x_wconf 87' lang='lat' dir='ltr'>gemmarum</span> <span class='ocrx_word' id='word_1_101' title='bbox 1094 1502 1325 1546; x_wconf 89' lang='lat' dir='ltr'>ossiumve</span> <span class='ocrx_word' id='word_1_102' title='bbox 1364 1501 1602 1560; x_wconf 88' lang='lat' dir='ltr'>sculptura</span> <span class='ocrx_word' id='word_1_103' title='bbox 1647 1516 1758 1546; x_wconf 88' lang='lat' dir='ltr'>auro</span> 
     </span>
     <span class='ocr_line' id='line_1_16' title="bbox 302 1575 1759 1637; baseline 0.002 -18"><span class='ocrx_word' id='word_1_104' title='bbox 302 1576 490 1620; x_wconf 89' lang='lat' dir='ltr'>decorat</span> <span class='ocrx_word' id='word_1_105' title='bbox 514 1575 681 1629; x_wconf 85' lang='lat' dir='ltr'>Italia3</span> <span class='ocrx_word' id='word_1_106' title='bbox 716 1577 938 1636; x_wconf 90' lang='lat' dir='ltr'>quicquid</span> <span class='ocrx_word' id='word_1_107' title='bbox 974 1578 1023 1622; x_wconf 86' lang='lat' dir='ltr'>in</span> <span class='ocrx_word' id='word_1_108' title='bbox 1051 1578 1360 1623; x_wconf 88' lang='lat' dir='ltr'>fenestrarum</span> <span class='ocrx_word' id='word_1_109' title='bbox 1384 1578 1588 1637; x_wconf 87' lang='lat' dir='ltr'>pretiosa</span> <span class='ocrx_word' id='word_1_110' title='bbox 1612 1578 1759 1623; x_wconf 87' lang='lat' dir='ltr'>varie-</span> 
     </span>
     <span class='ocr_line' id='line_1_17' title="bbox 300 1652 1757 1714; baseline 0.001 -16"><span class='ocrx_word' id='word_1_111' title='bbox 300 1659 400 1698; x_wconf 86' lang='lat' dir='ltr'>tate</span> <span class='ocrx_word' id='word_1_112' title='bbox 436 1652 587 1713; x_wconf 85' lang='lat' dir='ltr'>diligit</span> <span class='ocrx_word' id='word_1_113' title='bbox 612 1652 834 1707; x_wconf 88' lang='lat' dir='ltr'>Francia;</span> <span class='ocrx_word' id='word_1_114' title='bbox 866 1655 1086 1714; x_wconf 91' lang='lat' dir='ltr'>quicquid</span> <span class='ocrx_word' id='word_1_115' title='bbox 1103 1655 1168 1699; x_wconf 76' lang='lat' dir='ltr'>&#39;in</span> <span class='ocrx_word' id='word_1_116' title='bbox 1193 1654 1307 1707; x_wconf 86' lang='lat' dir='ltr'>auri,</span> <span class='ocrx_word' id='word_1_117' title='bbox 1332 1655 1528 1714; x_wconf 89' lang='lat' dir='ltr'>argenti,</span> <span class='ocrx_word' id='word_1_118' title='bbox 1553 1655 1684 1714; x_wconf 91' lang='lat' dir='ltr'>cupri</span> <span class='ocrx_word' id='word_1_119' title='bbox 1707 1659 1757 1699; x_wconf 90' lang='lat' dir='ltr'>et</span> 
     </span>
     <span class='ocr_line' id='line_1_18' title="bbox 300 1729 1759 1790; baseline 0.002 -17"><span class='ocrx_word' id='word_1_120' title='bbox 300 1729 421 1783; x_wconf 88' lang='lat' dir='ltr'>ferri,</span> <span class='ocrx_word' id='word_1_121' title='bbox 457 1729 687 1790; x_wconf 88' lang='lat' dir='ltr'>lignorum</span> <span class='ocrx_word' id='word_1_122' title='bbox 733 1730 1033 1790; x_wconf 89' lang='lat' dir='ltr'>lapidumque</span> <span class='ocrx_word' id='word_1_123' title='bbox 1074 1731 1339 1777; x_wconf 88' lang='lat' dir='ltr'>subtilitate</span> <span class='ocrx_word' id='word_1_124' title='bbox 1389 1730 1548 1776; x_wconf 90' lang='lat' dir='ltr'>sollers</span> <span class='ocrx_word' id='word_1_125' title='bbox 1598 1731 1759 1777; x_wconf 86' lang='lat' dir='ltr'>laudat</span> 
     </span>
     <span class='ocr_line' id='line_1_19' title="bbox 308 1805 793 1852; baseline 0.002 -1"><span class='ocrx_word' id='word_1_126' title='bbox 308 1805 571 1852; x_wconf 87' lang='lat' dir='ltr'>Germania.</span> <span class='ocrx_word' id='word_1_127' title='bbox 790 1811 793 1812; x_wconf 69' lang='grc'>’</span> 
     </span>
    </p>

    <p class='ocr_par' dir='ltr' id='par_1_4' title="bbox 302 1882 1762 2633">
     <span class='ocr_line' id='line_1_20' title="bbox 374 1882 1761 1945; baseline 0.002 -19"><span class='ocrx_word' id='word_1_128' title='bbox 374 1882 488 1934; x_wconf 76' lang='lat' dir='ltr'>Quae</span> <span class='ocrx_word' id='word_1_129' title='bbox 527 1898 635 1928; x_wconf 92' lang='lat' dir='ltr'>cum</span> <span class='ocrx_word' id='word_1_130' title='bbox 672 1898 792 1944; x_wconf 74' lang='lat' dir='ltr'>saepe</span> <span class='ocrx_word' id='word_1_131' title='bbox 827 1884 1044 1945; x_wconf 86' lang='lat' dir='ltr'>relegeris</span> <span class='ocrx_word' id='word_1_132' title='bbox 1086 1890 1135 1929; x_wconf 92' lang='lat' dir='ltr'>et</span> <span class='ocrx_word' id='word_1_133' title='bbox 1170 1884 1323 1929; x_wconf 89' lang='lat' dir='ltr'>tenaci</span> <span class='ocrx_word' id='word_1_134' title='bbox 1362 1883 1597 1928; x_wconf 78' lang='lat' dir='ltr'>memoriae</span> <span class='ocrx_word' id='word_1_135' title='bbox 1636 1898 1761 1929; x_wconf 90' lang='lat' dir='ltr'>com-</span> 
     </span>
     <span class='ocr_line' id='line_1_21' title="bbox 305 1959 1762 2013; baseline 0.002 -11"><span class='ocrx_word' id='word_1_136' title='bbox 305 1959 607 2013; x_wconf 87' lang='lat' dir='ltr'>mendaveris,</span> <span class='ocrx_word' id='word_1_137' title='bbox 648 1960 735 2005; x_wconf 87' lang='lat' dir='ltr'>hac</span> <span class='ocrx_word' id='word_1_138' title='bbox 767 1961 1081 2006; x_wconf 90' lang='lat' dir='ltr'>vicissitudine</span> <span class='ocrx_word' id='word_1_139' title='bbox 1116 1961 1433 2006; x_wconf 88' lang='lat' dir='ltr'>instructionis</span> <span class='ocrx_word' id='word_1_140' title='bbox 1469 1974 1545 2005; x_wconf 88' lang='lat' dir='ltr'>me</span> <span class='ocrx_word' id='word_1_141' title='bbox 1585 1974 1762 2005; x_wconf 91' lang='lat' dir='ltr'>recom-</span> 
     </span>
     <span class='ocr_line' id='line_1_22' title="bbox 305 2036 1762 2096; baseline 0.001 -16"><span class='ocrx_word' id='word_1_142' title='bbox 305 2036 531 2095; x_wconf 85' lang='lat' dir='ltr'>pensabis,</span> <span class='ocrx_word' id='word_1_143' title='bbox 556 2042 624 2089; x_wconf 93' lang='lat' dir='ltr'>ut,</span> <span class='ocrx_word' id='word_1_144' title='bbox 648 2037 831 2096; x_wconf 89' lang='lat' dir='ltr'>quoties</span> <span class='ocrx_word' id='word_1_145' title='bbox 865 2038 1022 2082; x_wconf 88' lang='lat' dir='ltr'>labore</span> <span class='ocrx_word' id='word_1_146' title='bbox 1053 2052 1159 2083; x_wconf 89' lang='lat' dir='ltr'>meo</span> <span class='ocrx_word' id='word_1_147' title='bbox 1191 2038 1312 2082; x_wconf 92' lang='lat' dir='ltr'>bene</span> <span class='ocrx_word' id='word_1_148' title='bbox 1342 2051 1452 2082; x_wconf 86' lang='lat' dir='ltr'>usus</span> <span class='ocrx_word' id='word_1_149' title='bbox 1483 2036 1636 2089; x_wconf 86' lang='lat' dir='ltr'>fueris,</span> <span class='ocrx_word' id='word_1_150' title='bbox 1661 2050 1762 2082; x_wconf 86' lang='lat' dir='ltr'>ores</span> 
     </span>
     <span class='ocr_line' id='line_1_23' title="bbox 303 2112 1758 2173; baseline 0 -16"><span class='ocrx_word' id='word_1_151' title='bbox 303 2128 386 2172; x_wconf 87' lang='lat' dir='ltr'>pro</span> <span class='ocrx_word' id='word_1_152' title='bbox 409 2127 486 2157; x_wconf 89' lang='lat' dir='ltr'>me</span> <span class='ocrx_word' id='word_1_153' title='bbox 509 2113 632 2172; x_wconf 88' lang='lat' dir='ltr'>apud</span> <span class='ocrx_word' id='word_1_154' title='bbox 668 2114 1029 2160; x_wconf 88' lang='lat' dir='ltr'>misericordiam</span> <span class='ocrx_word' id='word_1_155' title='bbox 1061 2114 1155 2160; x_wconf 90' lang='lat' dir='ltr'>Dei</span> <span class='ocrx_word' id='word_1_156' title='bbox 1187 2113 1531 2173; x_wconf 87' lang='lat' dir='ltr'>omnipotentis,</span> <span class='ocrx_word' id='word_1_157' title='bbox 1555 2112 1635 2171; x_wconf 90' lang='lat' dir='ltr'>qui</span> <span class='ocrx_word' id='word_1_158' title='bbox 1659 2112 1758 2165; x_wconf 88' lang='lat' dir='ltr'>scit,</span> 
     </span>
     <span class='ocr_line' id='line_1_24' title="bbox 302 2188 1760 2250; baseline 0 -17"><span class='ocrx_word' id='word_1_159' title='bbox 302 2204 378 2234; x_wconf 86' lang='lat' dir='ltr'>me</span> <span class='ocrx_word' id='word_1_160' title='bbox 413 2205 498 2234; x_wconf 90' lang='lat' dir='ltr'>nec</span> <span class='ocrx_word' id='word_1_161' title='bbox 534 2191 746 2235; x_wconf 76' lang='lat' dir='ltr'>humanae</span> <span class='ocrx_word' id='word_1_162' title='bbox 782 2191 930 2236; x_wconf 87' lang='lat' dir='ltr'>laudis</span> <span class='ocrx_word' id='word_1_163' title='bbox 959 2206 1129 2244; x_wconf 89' lang='lat' dir='ltr'>amore,</span> <span class='ocrx_word' id='word_1_164' title='bbox 1170 2206 1258 2235; x_wconf 89' lang='lat' dir='ltr'>nec</span> <span class='ocrx_word' id='word_1_165' title='bbox 1281 2189 1550 2250; x_wconf 87' lang='lat' dir='ltr'>temporalis</span> <span class='ocrx_word' id='word_1_166' title='bbox 1584 2188 1760 2248; x_wconf 88' lang='lat' dir='ltr'>praemii</span> 
     </span>
     <span class='ocr_line' id='line_1_25' title="bbox 305 2265 1760 2328; baseline -0.001 -17"><span class='ocrx_word' id='word_1_167' title='bbox 305 2267 575 2325; x_wconf 88' lang='lat' dir='ltr'>cupiditate,</span> <span class='ocrx_word' id='word_1_168' title='bbox 611 2283 712 2326; x_wconf 87' lang='lat' dir='ltr'>quae</span> <span class='ocrx_word' id='word_1_169' title='bbox 748 2268 926 2328; x_wconf 81' lang='lat' dir='ltr'>digesta</span> <span class='ocrx_word' id='word_1_170' title='bbox 955 2273 1078 2320; x_wconf 89' lang='lat' dir='ltr'>sunt,</span> <span class='ocrx_word' id='word_1_171' title='bbox 1108 2266 1441 2326; x_wconf 87' lang='lat' dir='ltr'>conscripsisse,</span> <span class='ocrx_word' id='word_1_172' title='bbox 1473 2271 1555 2311; x_wconf 92' lang='lat' dir='ltr'>aut</span> <span class='ocrx_word' id='word_1_173' title='bbox 1578 2265 1760 2310; x_wconf 80' lang='lat' dir='ltr'>invidiae</span> 
     </span>
     <span class='ocr_line' id='line_1_26' title="bbox 304 2341 1760 2403; baseline 0.001 -18"><span class='ocrx_word' id='word_1_174' title='bbox 304 2341 448 2386; x_wconf 86' lang='lat' dir='ltr'>livore</span> <span class='ocrx_word' id='word_1_175' title='bbox 479 2343 734 2401; x_wconf 87' lang='lat' dir='ltr'>pretiosum</span> <span class='ocrx_word' id='word_1_176' title='bbox 769 2344 879 2403; x_wconf 92' lang='lat' dir='ltr'>quid</span> <span class='ocrx_word' id='word_1_177' title='bbox 914 2350 996 2389; x_wconf 89' lang='lat' dir='ltr'>aut</span> <span class='ocrx_word' id='word_1_178' title='bbox 1031 2358 1186 2388; x_wconf 87' lang='lat' dir='ltr'>rarum</span> <span class='ocrx_word' id='word_1_179' title='bbox 1219 2342 1514 2395; x_wconf 83' lang='lat' dir='ltr'>subtraxisse,</span> <span class='ocrx_word' id='word_1_180' title='bbox 1540 2357 1622 2387; x_wconf 89' lang='lat' dir='ltr'>seu</span> <span class='ocrx_word' id='word_1_181' title='bbox 1644 2342 1760 2386; x_wconf 90' lang='lat' dir='ltr'>mihi</span> 
     </span>
     <span class='ocr_line' id='line_1_27' title="bbox 304 2418 1761 2479; baseline 0.001 -17"><span class='ocrx_word' id='word_1_182' title='bbox 304 2418 600 2477; x_wconf 85' lang='lat' dir='ltr'>peculiariter</span> <span class='ocrx_word' id='word_1_183' title='bbox 629 2426 915 2465; x_wconf 87' lang='lat' dir='ltr'>reservatum</span> <span class='ocrx_word' id='word_1_184' title='bbox 938 2421 1225 2473; x_wconf 87' lang='lat' dir='ltr'>conticuisse,</span> <span class='ocrx_word' id='word_1_185' title='bbox 1257 2419 1338 2465; x_wconf 90' lang='lat' dir='ltr'>sed</span> <span class='ocrx_word' id='word_1_186' title='bbox 1372 2420 1421 2464; x_wconf 91' lang='lat' dir='ltr'>in</span> <span class='ocrx_word' id='word_1_187' title='bbox 1455 2423 1761 2479; x_wconf 88' lang='lat' dir='ltr'>augmentum</span> 
     </span>
     <span class='ocr_line' id='line_1_28' title="bbox 304 2494 1760 2556; baseline 0.001 -18"><span class='ocrx_word' id='word_1_188' title='bbox 304 2494 489 2540; x_wconf 87' lang='lat' dir='ltr'>honoris</span> <span class='ocrx_word' id='word_1_189' title='bbox 513 2501 561 2540; x_wconf 93' lang='lat' dir='ltr'>et</span> <span class='ocrx_word' id='word_1_190' title='bbox 584 2495 742 2556; x_wconf 86' lang='lat' dir='ltr'>gloriae</span> <span class='ocrx_word' id='word_1_191' title='bbox 773 2497 970 2542; x_wconf 91' lang='lat' dir='ltr'>nominis</span> <span class='ocrx_word' id='word_1_192' title='bbox 1002 2496 1100 2556; x_wconf 90' lang='lat' dir='ltr'>ejus</span> <span class='ocrx_word' id='word_1_193' title='bbox 1128 2496 1383 2541; x_wconf 84' lang='lat' dir='ltr'>multorum</span> <span class='ocrx_word' id='word_1_194' title='bbox 1406 2496 1760 2542; x_wconf 82' lang='lat' dir='ltr'>necessitatibus</span> 
     </span>
     <span class='ocr_line' id='line_1_29' title="bbox 305 2572 1276 2633; baseline 0.001 -18"><span class='ocrx_word' id='word_1_195' title='bbox 305 2572 579 2618; x_wconf 89' lang='lat' dir='ltr'>succurrisse</span> <span class='ocrx_word' id='word_1_196' title='bbox 602 2578 652 2618; x_wconf 89' lang='lat' dir='ltr'>et</span> <span class='ocrx_word' id='word_1_197' title='bbox 675 2573 959 2633; x_wconf 81' lang='lat' dir='ltr'>profectibus</span> <span class='ocrx_word' id='word_1_198' title='bbox 983 2572 1276 2618; x_wconf 89' lang='lat' dir='ltr'>consuluisse.</span> 
     </span>
    </p>
   </div>
  </div>
 </body>
</html>
