1970 3202
220 256 304 297 240
677 268 932 296 THEOPHILI
965 268 1102 295 mmm
1134 268 1204 296 111.

220 368 387 424 gracilis
420 367 596 408 candela
615 368 876 423 longitudine
904 368 1066 408 minimi
1098 368 1231 423 digiti,
1254 368 1327 409 sed
1355 368 1398 408 in
1431 368 1671 409 summitate

220 436 274 478 sit
293 436 597 491 aliquantulum
612 435 810 490 grossior,
827 451 921 492 quae
937 450 1032 477 cera
1052 441 1227 477 vocatur
1241 435 1512 487 infusorium;
1544 449 1672 492 quam

220 503 420 545 solidabis
441 503 577 544 calido
599 502 720 544 ferro.
784 503 950 544 Deinde
980 503 1124 559 accipe
1144 503 1334 559 argillam
1355 502 1515 544 fortiter
1535 517 1673 544 mace-

221 578 368 622 ratam,
390 577 432 612 et
452 571 640 626 co-operi
671 571 892 626 diligenter
912 577 1110 626 utrasque
1131 586 1251 612 aures
1273 571 1529 626 singillatim,
1550 571 1608 611 ita
1628 577 1676 612 ut

222 639 362 680 omnia
402 639 610 680 foramina
648 639 872 693 sculpturae
911 638 1174 693 impleantur.
1236 638 1344 688 Quae
1380 653 1474 680 cum
1509 638 1675 680 siccatae

221 707 387 757 fuerint,
408 706 558 747 iterum
579 705 767 760 co-operi
798 719 870 759 per
891 705 1033 746 omnia
1053 706 1278 761 aequaliter,
1300 706 1477 761 excepta
1502 706 1675 746 summi-

221 780 309 814 tate
343 773 546 823 infusorfi,
576 778 619 813 et
654 772 775 813 tertio
807 771 998 813 similiter
1033 773 1175 814 facies.
1238 773 1519 815 Postmodum
1555 774 1676 815 mitte

221 841 336 896 ipsas
352 841 509 882 formas
523 841 648 895 juxta
663 839 880 890 carbones,
899 846 943 880 ut
957 854 1053 880 cum
1069 840 1282 881 calefactae
1298 841 1463 891 fuerint,
1484 841 1676 882 effundas

224 923 375 949 ceram.
437 907 536 956 Qua
570 907 705 948 effusa
726 921 858 962 pones
879 921 950 948 eas
983 907 1154 948 omnino
1173 907 1217 948 in
1251 908 1408 962 ignem,
1429 914 1677 949 convertens

224 976 430 1017 foramina
449 990 523 1031 per
540 989 633 1031 quae
654 988 749 1015 cera
769 974 869 1014 exiit
888 974 1076 1025 inferius,
1097 980 1140 1015 et
1158 975 1247 1015 sine
1267 974 1403 1015 donec
1423 975 1679 1016 candescant

223 1045 331 1086 sicut
365 1045 583 1095 carbones,
604 1043 830 1099 statimque
865 1042 1045 1099 liquefac
1066 1049 1301 1098 argentum,
1323 1043 1485 1084 addens
1518 1044 1556 1084 ei
1587 1058 1678 1085 mo—

224 1113 365 1154 dicum
382 1113 434 1154 de
448 1112 654 1153 auricalco
669 1110 930 1167 Hyspanico,
952 1115 998 1151 ut
1018 1110 1134 1151 verbi
1154 1110 1300 1166 gratia,
1321 1111 1356 1152 si
1376 1111 1499 1152 fuerit
1518 1112 1679 1167 argenti

226 1181 397 1223 dimidia
428 1194 582 1231 marca,
605 1179 770 1234 pondus
801 1178 978 1220 duorum
1001 1193 1286 1230 nummorum,
1308 1179 1343 1219 si
1365 1194 1463 1220 vero
1493 1180 1588 1235 plus
1608 1185 1681 1220 aut

227 1250 377 1300 minus,
399 1263 422 1289 e
455 1254 601 1289 contra
617 1262 629 1298 ;
661 1254 703 1288 et
723 1247 877 1288 eiciens
897 1246 1054 1288 formas
1087 1247 1141 1288 ab
1161 1247 1258 1303 igne
1279 1247 1379 1288 siste
1403 1261 1474 1288 eas
1494 1247 1679 1298 firmiter,

228 1324 270 1358 et
289 1316 464 1358 infunde
485 1315 633 1357 eodem
663 1316 773 1367 loco,
795 1314 905 1355 unde
926 1328 1066 1355 ceram
1096 1314 1291 1356 effudisti.
1352 1314 1546 1371 Cumque
1567 1315 1683 1356 refri-

227 1391 371 1441 gerata
407 1383 573 1434 fuerint,
595 1383 711 1423 aufer
743 1382 949 1438 argillam,
971 1388 1013 1422 et
1032 1396 1128 1423 cum
1163 1382 1262 1422 lima
1283 1389 1324 1423 et
1344 1382 1461 1423 ferris
1495 1383 1681 1424 fossoriis

227 1453 414 1508 adjunge
436 1466 507 1492 eas
528 1451 617 1492 vasi
637 1451 681 1491 in
702 1451 787 1491 suis
807 1450 925 1501 locis,
942 1457 983 1491 et
1005 1450 1286 1506 subjuncturis
1318 1450 1444 1492 facies
1465 1451 1550 1493 duo
1570 1452 1680 1493 fora—

228 1521 343 1561 mina
371 1521 511 1575 longa,
541 1534 673 1559 unum
703 1517 874 1559 inferius
899 1524 942 1558 et
970 1517 1084 1558 aliud
1115 1518 1318 1573 superius,
1339 1534 1433 1574 quae
1463 1519 1563 1560 foris
1594 1535 1681 1561 non

228 1595 470 1645 appareant,
492 1588 535 1628 in
554 1586 706 1643 quibus
719 1586 874 1642 junges
888 1585 1128 1641 singillatim
1149 1586 1255 1627 duos
1272 1586 1413 1628 clavos
1434 1587 1555 1639 latos,
1575 1603 1683 1644 quos

229 1657 356 1697 facies
376 1655 552 1697 transire
574 1668 647 1695 vas
667 1668 741 1709 per
760 1653 844 1694 duo
866 1652 1072 1693 foramina
1087 1667 1139 1694 ex
1160 1659 1335 1709 utraque
1357 1661 1474 1710 parte
1495 1656 1683 1711 superius

230 1731 272 1765 et
290 1723 473 1775 inferius,
494 1729 536 1764 et
556 1722 745 1777 configes
766 1720 938 1762 interius
959 1727 1083 1777 atque
1105 1721 1303 1762 solidabis
1323 1721 1405 1763 hoc
1425 1723 1565 1764 modo.

633 2140 947 2204 CAPUT
979 2142 1264 2210 XXXI.

646 2288 708 2314 DE
739 2286 1029 2315 somDATURA
1059 2287 1273 2315 ARGENTI.

236 2386 597 2485 PONDERA
632 2386 738 2427 duas
772 2392 912 2441 partes
947 2386 1111 2442 argenti
1143 2387 1249 2442 puri,
1285 2394 1328 2428 et
1366 2387 1533 2428 tertiam
1572 2389 1689 2445 cupri

356 2455 480 2506 rubri,
501 2460 544 2495 et
564 2454 777 2496 confunde
797 2459 925 2510 atque
953 2453 1160 2494 subtiliter
1190 2453 1291 2495 lima
1320 2454 1363 2494 in
1383 2468 1482 2495 vase
1515 2456 1687 2507 mundo,

235 2530 277 2563 et
307 2523 423 2563 mitte
453 2522 496 2562 in
527 2536 722 2577 pennam.
786 2521 953 2562 Deinde
988 2521 1086 2562 tolle
1107 2521 1191 2561 vini
1219 2529 1394 2576 petram,
1415 2537 1510 2578 quae
1540 2523 1690 2563 crescit

234 2590 406 2632 interius
436 2590 547 2632 circa
577 2605 691 2641 vasa,
723 2589 766 2630 in
799 2589 950 2645 quibus
979 2588 1185 2644 optimum
1219 2589 1362 2630 vinum
1395 2590 1467 2630 diu
1496 2591 1625 2646 jacet,
1647 2597 1690 2631 et

237 2659 461 2714 particulas
482 2660 571 2715 ejus
592 2658 676 2713 liga
695 2657 740 2698 in
761 2671 915 2712 panno,
931 2662 974 2697 et
993 2656 1114 2697 mitte
1135 2656 1178 2697 in
1197 2657 1339 2713 ignem
1361 2664 1407 2698 ut
1419 2658 1690 2700 comburatur

235 2727 397 2768 tamdiu
417 2727 551 2767 donec
571 2726 709 2766 nullus
729 2724 827 2765 inde
862 2724 1003 2764 fumus
1037 2725 1252 2779 procedat.
1314 2725 1413 2774 Quo
1435 2725 1489 2766 ab
1510 2725 1610 2782 igne
1630 2726 1690 2767 le-

237 2800 335 2836 vato
367 2799 409 2835 et
430 2793 675 2849 refrigerato
697 2792 875 2833 exsuffla
895 2791 1054 2833 cineres
1075 2791 1206 2848 panni
1236 2799 1278 2833 et
1307 2793 1409 2834 illud
1429 2794 1571 2840 ustum
1601 2800 1690 2835 tere

236 2863 279 2903 in
298 2877 451 2919 cupreo
474 2876 572 2903 vase
594 2875 690 2902 cum
724 2859 904 2902 rotundo
936 2859 1102 2910 malleo,
1125 2860 1314 2902 admixta
1333 2861 1444 2916 aqua.
1464 2867 1506 2903 et
1527 2862 1613 2903 sale
1644 2867 1691 2903 ut

1946 674 1948 677 <
1946 516 1954 635 *en-„mh

1959 1415 1961 1418 i
1954 1386 1961 1402 -
