1970 3202
335 298 385 338 18
807 315 1056 343 THEOPHILI
1091 317 1227 344 LIBER
1260 318 1290 345 1.

327 411 415 464 pari
437 413 563 454 modo
586 414 739 455 mixtus
760 415 919 471 absque
941 431 1053 467 suco,
1076 422 1117 457 et
1137 417 1244 458 inter
1265 432 1338 458 eos
1359 418 1433 458 fiat
1464 418 1584 460 albus
1603 424 1772 460 tractus.

329 478 497 521 Deinde
527 481 655 523 misce
685 497 736 523 ex
768 483 964 524 cenobrio
994 490 1036 525 et
1065 484 1161 525 albo
1192 491 1295 540 quot
1324 485 1485 526 colores
1506 486 1695 536 volueris,
1716 486 1774 527 ita

325 552 371 587 ut
392 548 547 601 primus
578 550 631 590 sit
662 550 873 591 modicum
904 552 1102 602 cenobrii‚
1133 552 1340 593 secundus
1372 553 1478 607 plus,
1509 552 1654 593 tertius
1684 567 1772 593 am-

324 615 446 668 plius,
468 623 638 672 quartus
660 618 796 659 adhuc
818 619 923 672 plus,
944 620 1079 660 donec
1100 619 1319 674 pervenias
1352 620 1404 660 ad
1437 619 1615 675 simplex
1646 634 1773 660 ceno-

323 681 472 724 brium.
535 685 701 726 Deinde
722 686 907 727 admisce
938 686 1072 727 eidem
1104 686 1321 727 modicum
1353 687 1543 727 rubeum.
1607 686 1773 727 Deinde

322 748 498 805 simplex
520 752 706 793 rubeum.
770 753 875 794 Post
896 754 985 794 haec
1008 754 1183 794 rubeum
1218 754 1338 808 nigro
1359 754 1545 794 admisce
1558 770 1568 805 3
1601 754 1654 794 ad
1675 753 1770 794 ulti-

321 830 436 857 mum
469 818 647 874 nigrum.
709 819 839 860 Simili
876 821 1002 861 modo
1043 821 1272 861 commisce
1302 823 1463 862 colores
1494 836 1546 862 ex
1576 821 1695 862 viridi
1730 826 1772 862 et

319 884 429 935 albo,
452 886 586 927 donec
606 887 823 942 pervenias
845 888 897 928 ad
920 888 1095 943 simplex
1118 888 1259 929 viride.
1323 889 1489 929 Deinde
1519 889 1703 929 admisce
1733 888 1771 929 ei

318 952 529 994 modicum
570 968 727 995 sucum.
819 954 1058 996 Commisce
1098 956 1262 1006 iterum,
1303 962 1345 996 et
1385 956 1493 996 adde
1533 956 1627 1011 plus
1668 956 1769 996 suci.

319 1017 426 1061 Post
441 1020 529 1062 haec
545 1022 673 1063 misce
692 1023 904 1063 modicum
918 1022 1022 1077 nigri
1041 1039 1051 1073 ;
1075 1022 1225 1063 deinde
1240 1023 1330 1077 plus
1348 1039 1358 1074 ;
1383 1023 1435 1063 ad
1458 1022 1648 1062 ultimum
1671 1023 1769 1063 sim-

316 1087 411 1141 plex
429 1088 606 1144 nigrum.
655 1090 838 1131 Umbras
859 1104 955 1131 vero
978 1090 1018 1129 in
1041 1105 1142 1145 ogra
1156 1089 1284 1130 facies
1297 1104 1393 1130 cum
1416 1089 1567 1141 rubeo3
1600 1089 1654 1130 ad
1675 1090 1770 1130 ulti-

315 1168 429 1195 mum
447 1156 591 1198 addito
608 1158 740 1212 nigro.
778 1157 962 1198 Umbras
980 1158 1140 1198 manisc
1158 1172 1254 1198 cum
1271 1157 1370 1198 folio
1385 1174 1395 1209 3
1418 1157 1470 1197 ad
1485 1157 1678 1197 ultimum
1694 1157 1768 1198 ad-

314 1221 402 1263 dito
424 1223 556 1279 nigro.
601 1225 785 1277 Umbras
803 1225 887 1266 folii
903 1240 995 1265 cum
1022 1225 1163 1274 rubeo,
1191 1225 1334 1265 addito
1356 1225 1474 1280 nigro
1489 1224 1541 1264 ad
1558 1224 1765 1266 ultimum.

314 1287 399 1336 Qui
420 1291 578 1333 colores
598 1292 657 1334 ita
677 1293 859 1348 ponendi
882 1298 992 1344 sunt,
1015 1299 1061 1333 ut
1091 1307 1142 1333 ex
1175 1292 1314 1333 medio
1344 1291 1580 1347 pallidiores
1609 1297 1766 1332 tractus

311 1358 553 1411 procedant,
576 1365 617 1401 et
637 1360 695 1401 ita
716 1361 946 1402 ascendant
974 1374 1104 1416 usque
1135 1359 1188 1400 ad
1221 1359 1402 1400 exterius
1434 1358 1611 1414 nigrum.
1673 1359 1765 1400 Ho-

311 1437 402 1465 rum
422 1431 630 1468 tractuum
654 1442 871 1483 nunquam
894 1428 986 1482 plus
1008 1441 1133 1483 quam
1157 1427 1381 1468 duodecim
1413 1441 1505 1467 esse
1526 1433 1703 1482 possunt
1722 1427 1763 1467 in

309 1497 485 1548 utroque
507 1495 658 1536 colore.
722 1495 779 1536 Et
800 1496 833 1536 si
856 1494 1033 1536 volueris
1054 1500 1131 1545 tot,
1163 1494 1222 1535 sic
1254 1500 1441 1549 tempera
1471 1494 1688 1546 mixturas,
1719 1501 1765 1535 ut

310 1559 486 1615 simplex
507 1561 549 1602 in
571 1563 748 1617 septimo
779 1563 872 1603 loco
894 1577 1039 1617 ponaS.
1102 1561 1146 1602 Si
1168 1562 1344 1603 volueris
1376 1577 1541 1613 novem,
1572 1562 1614 1602 in
1645 1569 1763 1602 sexto

312 1626 407 1667 loco
439 1628 614 1684 simplex
646 1644 768 1685 pone.
832 1629 876 1670 Si
906 1630 1083 1670 volueris
1115 1635 1210 1670 octo
1242 1630 1307 1670 vel
1337 1635 1512 1684 septem,
1542 1629 1585 1669 in
1615 1629 1762 1685 quinto

311 1695 405 1736 loco
426 1696 603 1752 simplex
625 1713 745 1753 pone.
808 1697 852 1738 Si
873 1697 1050 1738 volueris
1082 1711 1169 1748 sex,
1201 1697 1243 1737 in
1274 1703 1438 1752 quarto.
1501 1696 1544 1737 Si
1565 1697 1761 1752 quinque,

308 1760 350 1801 in
371 1763 506 1805 tertio.
567 1764 611 1805 Si
641 1771 822 1822 quatuor
852 1765 917 1806 vel
947 1771 1045 1816 tres,
1080 1779 1166 1805 non
1201 1764 1443 1819 interponas
1476 1764 1536 1805 eis
1571 1764 1760 1820 simplex,

307 1830 380 1869 sed
415 1845 524 1883 eum,
556 1832 628 1887 qui
659 1838 756 1874 ante
791 1833 1022 1888 simplicem
1050 1832 1150 1888 poni
1186 1832 1358 1872 deberet
1388 1831 1546 1873 habeas
1566 1847 1641 1887 pro
1663 1832 1760 1872 sim-

305 1896 413 1950 plici,
454 1905 496 1939 et
535 1900 670 1940 eidem
706 1891 1113 1941 admisceumbram
1150 1914 1281 1955 usque
1302 1899 1355 1939 ad
1377 1899 1558 1940 exterius
1579 1899 1758 1954 nigrum.

307 1963 403 2005 Hoc
425 1980 548 2021 opere
568 1967 676 2008 fiunt
697 1968 833 2009 throni
855 1967 1022 2009 rotundi
1043 1973 1085 2008 et
1105 1966 1396 2022 quadranguli,
1412 1972 1454 2006 e't
1473 1972 1630 2007 tractus
1651 1966 1760 2007 circa

304 2032 484 2084 lumbos,
506 2039 548 2075 et
568 2035 763 2076 arborum
785 2035 945 2090 stipites
965 2049 1061 2076 cum
1083 2034 1223 2085 ramis,
1255 2039 1297 2074 et
1326 2034 1572 2088 columpnae,
1603 2039 1645 2074 et
1673 2040 1759 2074 tur-

305 2115 372 2152 res
395 2102 597 2153 rotundae,
618 2108 660 2143 et
690 2103 834 2143 sedilia
864 2109 906 2144 et
935 2101 1133 2158 quicquid
1165 2101 1389 2142 rotundum
1421 2115 1621 2156 apparere
1643 2101 1755 2142 velis.

306 2167 430 2209 Fiunt
450 2170 578 2210 etiam
600 2184 720 2211 arcus
741 2185 866 2225 super
886 2170 1104 2211 columnas
1125 2168 1167 2208 in
1199 2168 1394 2209 domibus
1424 2168 1571 2208 eodem
1603 2183 1727 2223 opere
1743 2185 1754 2221 ;

304 2236 377 2276 sed
400 2251 484 2277 uno
506 2238 658 2289 colore,
681 2237 739 2278 ita
759 2243 805 2278 ut
833 2237 1005 2278 interius
1037 2237 1180 2277 album
1211 2235 1264 2276 sit
1294 2242 1336 2276 et
1366 2235 1546 2276 exterius
1577 2235 1753 2290 nigrum.

300 2302 451 2344 Turres
474 2305 662 2345 rotundae
681 2305 862 2345 fiunt‘de
883 2318 998 2359 ogra,
1021 2303 1078 2344 ita
1105 2309 1151 2343 ut
1179 2303 1222 2343 in
1253 2302 1391 2343 medio
1422 2303 1475 2343 sit
1506 2309 1663 2344 tractus
1693 2305 1754 2344 al-

300 2370 393 2421 bus,
415 2378 457 2411 et
476 2386 527 2412 ex
548 2377 723 2427 utraque
742 2377 859 2426 parte
880 2371 1082 2426 procedat
1101 2385 1204 2425 ogra
1220 2370 1390 2411 omnino
1412 2369 1567 2424 pallida
1588 2376 1629 2410 et
1649 2385 1753 2426 pau-

299 2437 415 2477 latim
448 2439 615 2479 trahens
637 2429 829 2480 croceum
859 2439 1042 2479 colorem
1076 2452 1207 2493 usque
1239 2437 1612 2491 antepenultimum
1642 2444 1752 2479 trac—

297 2509 400 2556 tum,
423 2520 519 2546 cum
541 2521 625 2561 quo
650 2506 870 2547 misceatur
892 2505 1106 2546 modicum
1127 2505 1303 2545 rubeum
1316 2520 1327 2555 3
1371 2504 1522 2544 deinde
1554 2505 1750 2560 amplius,

297 2571 355 2612 sic
377 2578 519 2614 tamen
541 2580 587 2614 ut
608 2589 685 2614 nec
707 2574 884 2629 simplex
916 2588 1018 2628 ogra
1040 2587 1117 2613 nec
1139 2572 1316 2627 simplex
1336 2572 1514 2612 rubeum
1536 2580 1749 2628 appareat.

298 2637 461 2680 Eodem
484 2641 611 2682 modo
634 2647 675 2682 et
697 2642 843 2682 eadem
866 2642 1044 2682 mixtura
1066 2641 1172 2681 fiunt
1192 2646 1324 2681 turres
1346 2641 1535 2681 rotundae
1556 2656 1608 2682 ex
1630 2641 1748 2697 nigro

297 2712 339 2747 et
372 2707 481 2748 albo.
542 2707 712 2765 Stipites
743 2710 938 2750 arborum
969 2708 1294 2749 commiscentur
1324 2722 1376 2749 ex
1407 2708 1525 2748 viridi
1557 2715 1598 2749 et
1629 2724 1747 2765 ogra,
