1970 3202
261 271 344 311 212
738 285 985 312 'rnnopmm
1020 285 1156 313 mmm
1188 286 1256 314 111.

261 382 428 436 hantur,
441 390 483 425 et
497 384 677 439 impletae
690 384 887 426 stramine
900 385 1064 427 modice
1080 386 1354 427 exsiccentur.
1379 385 1535 427 Postea
1544 386 1716 442 jaceant

260 452 304 492 in
325 451 586 493 confectione
605 452 719 493 faecis
740 459 783 494 et
806 453 905 495 salis
925 468 1008 494 una
1030 454 1097 495 die
1117 459 1160 495 et
1179 455 1343 495 duabus
1363 453 1572 505 noctibus,
1593 454 1717 495 tertia

259 533 359 560 vero
381 519 449 560 die
469 519 687 560 trahantur
706 520 750 560 in
782 526 938 561 retorta
967 521 1011 561 in
1042 522 1319 577 longitudine,
1341 522 1415 563 sed
1448 522 1540 577 plus
1560 522 1604 562 in
1623 522 1716 563 lati-

261 587 418 627 tudine.
486 587 653 628 Deinde
692 594 905 642 ungantur
943 594 984 629 et
1023 589 1172 630 iterum
1212 589 1442 630 trahantur.
1517 589 1716 631 Posthaec

263 655 339 695 fiat
367 654 454 695 folli
494 660 621 710 caput
651 654 851 710 ligneum,
887 655 1000 711 quod
1036 662 1221 698 transeat
1255 671 1328 712 per
1366 657 1520 698 collum
1555 657 1646 712 ejus
1675 663 1718 697 et

261 721 322 763 ibi
361 722 524 778 ligetur,
559 728 601 763 et
641 722 683 762 in
716 722 852 777 capite
885 722 1075 764 foramen
1107 739 1182 779 per
1214 725 1329 780 quod
1362 730 1547 766 transeat
1578 724 1718 765 fistula

263 789 409 830 ferrea.
443 789 574 830 Retro
596 803 694 830 vero
715 789 758 829 in
792 789 1010 831 latitudine
1031 790 1140 832 follis
1161 798 1370 846 ponantur
1389 797 1569 848 quatuor
1589 793 1716 847 ligna,

264 870 442 912 quorum
463 856 547 897 duo
569 856 648 897 sibi
676 856 985 912 conjungantur
1004 863 1046 898 et
1066 859 1313 914 colligentur
1332 859 1376 899 in
1396 859 1549 910 medio,
1571 865 1613 900 et
1632 859 1717 899 duo

264 923 343 965 sibi
363 924 516 965 deinde
537 930 711 964 suantur
731 923 774 963 in
795 923 892 964 folle
913 924 985 975 ita,
1009 931 1055 965 ut
1077 925 1289 980 juncturae
1309 926 1352 967 in
1384 926 1525 968 medio
1547 927 1630 967 sint
1650 941 1719 967 su-

264 991 403 1047 perius
424 997 466 1032 et
494 991 679 1042 inferius,
700 990 773 1032 ubi
805 991 933 1032 etiam
965 992 1060 1034 duae
1080 1008 1195 1035 ansae
1228 1008 1280 1034 ex
1313 990 1462 1035 eadem
1489 994 1596 1049 pelle
1617 1008 1719 1034 con-

265 1064 452 1110 suantur,
472 1073 557 1100 una
578 1060 766 1115 superius
787 1064 937 1113 minor,
958 1062 1001 1102 in
1029 1075 1114 1117 qua
1146 1061 1287 1117 pollex
1316 1062 1569 1117 imponatur,
1590 1062 1721 1101 altera

266 1126 401 1181 major
429 1126 613 1179 inferius,
644 1128 715 1169 ubi
747 1130 894 1186 reliqui
929 1136 1109 1186 quatuor
1138 1128 1261 1185 digiti
1291 1129 1580 1170 immittantur.
1642 1128 1721 1168 His

266 1194 485 1250 completis
507 1209 616 1250 pone
637 1197 824 1238 fistulam
845 1197 1022 1238 ferream
1042 1197 1085 1237 in
1115 1197 1307 1238 foramen
1331 1196 1526 1246 fornacis,
1548 1203 1590 1236 et
1610 1204 1720 1236 retro

266 1267 309 1303 et
328 1267 425 1302 ante
447 1261 661 1304 fornacem
683 1265 888 1306 carbones
909 1270 951 1306 et
966 1265 1121 1320 ignem,
1144 1270 1186 1305 et
1206 1264 1328 1305 suffla
1347 1269 1395 1304 ut
1415 1263 1564 1304 fornax
1586 1263 1721 1303 exsic-

267 1336 396 1372 cetur.
430 1330 730 1373 Utensiliorum
744 1340 884 1374 autem
906 1339 947 1373 et
969 1333 1314 1374 ferramentorum
1336 1332 1506 1373 nomina
1522 1331 1563 1371 in
1586 1331 1721 1372 fabrili

268 1413 391 1453 opere
413 1404 511 1440 sunt
531 1399 633 1440 haec.

760 1768 1061 1832 CAPUT
1141 1770 1211 1831 V.

275 2060 585 2161 INCUDES
606 2062 714 2113 latae,
736 2062 919 2118 aequales
940 2067 981 2102 et
1001 2062 1184 2117 quadrae.
1224 2061 1332 2103 Item
1353 2062 1525 2104 incudes
1545 2063 1727 2119 aequales

327 2146 334 2150 ·
358 2136 401 2173 et
420 2142 620 2173 cornutae.
653 2129 762 2170 Item
782 2129 955 2170 incudes
976 2130 1165 2185 superius
1186 2130 1376 2171 rotundae
1396 2130 1440 2170 in
1461 2130 1728 2171 similitudine

276 2198 439 2240 dimidii
459 2198 588 2253 pomi,
608 2211 693 2238 una
713 2197 860 2253 major,
881 2197 963 2238 alia
983 2197 1131 2249 minor,
1153 2198 1275 2238 tertia
1306 2197 1459 2248 brevis,
1480 2197 1552 2253 qui
1571 2212 1730 2238 vocan-

274 2274 342 2308 tur
361 2265 474 2307 nodi.
536 2264 644 2305 Item
666 2264 838 2306 incudes
869 2265 1057 2320 superius
1088 2266 1227 2320 longae
1258 2271 1300 2306 et
1331 2265 1486 2306 strictae
1506 2265 1625 2321 quasi
1644 2265 1729 2306 duo

275 2348 435 2376 cornua
453 2332 507 2373 ab
527 2332 667 2373 hastili
688 2332 980 2387 praecedentia,
1002 2347 1180 2388 quorum
1201 2346 1331 2372 unum
1361 2332 1415 2373 sit
1442 2332 1667 2373 rotundum
1687 2338 1730 2372 et

275 2401 501 2442 deductum
524 2399 595 2450 ita,
614 2404 662 2439 ut
681 2399 724 2439 in
758 2399 998 2440 summitate
1017 2399 1072 2440 sit
1090 2399 1257 2454 gracile,
1279 2398 1391 2440 aliud
1412 2413 1511 2440 vero
1544 2398 1667 2439 latius
1688 2404 1731 2439 et

276 2468 319 2508 in
359 2466 599 2508 summitate
632 2466 796 2507 modice
837 2480 1055 2506 recurvum
1094 2466 1137 2506 in
1176 2466 1356 2507 rotunda
1396 2465 1635 2522 aequalitate
1675 2465 1730 2505 ad

278 2533 588 2575 similitudinem
608 2532 730 2574 unius
751 2533 923 2588 pollicis.
957 2533 1038 2574 Hae
1059 2540 1156 2574 sunt
1175 2534 1355 2589 majores
1376 2540 1418 2574 et
1437 2533 1632 2574 minores.
