1970 3202
192 262 276 302 236
663 273 915 301 THEOPHILI
948 273 1084 301 mmm
1117 271 1182 300 111.

193 381 330 415 costas
352 375 385 415 si
410 375 586 415 volueris
615 389 710 414 cum
741 371 895 428 nigello
929 387 1086 428 parare,
1108 373 1189 412 hoc
1223 384 1399 426 procura
1420 375 1466 409 ut
1493 381 1641 424 argen-

192 450 285 483 tum
306 442 477 498 spissius
499 442 565 493 sit,
587 448 629 483 et
658 442 717 482 sic
747 456 826 497 age
859 447 905 481 ut
938 455 1021 481 una
1051 447 1168 481 costa
1200 439 1420 479 deauretur
1442 443 1483 477 et
1512 436 1644 476 altera

194 510 447 565 denigretur,
486 524 591 566 quas
636 524 799 565 semper
839 515 1004 564 oportet
1043 522 1164 563 pares
1204 520 1307 547 esse.
1384 503 1503 553 Quas
1547 517 1644 543 cum

194 577 460 633 percusseris,
500 577 599 617 lima
639 577 852 632 aequaliter
891 582 933 617 et
972 575 1085 625 rade,
1126 573 1239 615 etin
1269 573 1347 614 illis
1387 586 1491 628 quas
1526 570 1645 611 deni-

195 658 315 699 grare
345 644 420 694 vis,
453 643 644 699 pertrahe
675 658 813 699 graeca
843 642 942 683 folia
975 648 1017 683 et
1045 642 1143 683 fode
1174 655 1320 696 grosso
1350 646 1499 690 tractu,
1530 652 1645 679 cam-

196 724 355 766 posque
375 724 519 751 eorum
541 710 674 751 fodies
695 710 916 765 gracilibus
938 709 1101 750 circulis
1122 714 1164 750 et
1184 708 1323 749 subtili
1344 721 1481 763 opere,
1495 704 1646 747 deinde

195 791 401 832 compone
422 777 620 832 nigellum
643 777 722 817 hoc
742 777 884 818 modo.

556 1240 860 1303 CAPUT
943 1241 1292 1303 XXVIII.

754 1406 813 1431 DE
845 1405 1054 1432 NIGELLO.

318 1505 503 1546 CCIPE
539 1511 757 1560 argentum
795 1519 958 1559 purum,
992 1511 1032 1544 et
1064 1519 1186 1560 aequo
1222 1504 1404 1559 pondere
1434 1503 1572 1544 divide
1614 1502 1655 1543 in

360 1573 458 1624 duo,
480 1572 643 1614 addens
664 1571 701 1612 ei
732 1571 895 1612 tertiam
920 1578 1077 1626 partem
1116 1571 1231 1626 cupri
1266 1571 1369 1626 puri.
1431 1569 1549 1618 Quas
1571 1578 1655 1612 tres

204 1648 358 1696 partes,
399 1655 495 1681 cum
546 1639 706 1680 miseris
746 1639 789 1679 in
831 1639 950 1680 fusile
990 1640 1220 1689 vasculum,
1261 1639 1446 1694 pondera
1491 1645 1655 1679 tantum

206 1708 379 1764 plumbi,
412 1713 615 1763 quantum
648 1707 849 1762 appendit
885 1707 1088 1748 medietas
1120 1706 1250 1762 ipsius
1283 1707 1413 1762 cupri,
1446 1706 1558 1762 quod
1592 1720 1658 1746 ar—

207 1782 334 1831 gento
357 1774 571 1826 miscuisti,
594 1780 899 1831 acceptumque
933 1775 1107 1830 sulphur
1138 1789 1332 1815 croceum
1358 1774 1503 1829 frange
1525 1773 1659 1813 minu-

206 1844 340 1893 tatim,
371 1850 413 1883 et
443 1842 560 1883 mitte
594 1842 811 1897 plumbum
844 1848 886 1883 et
926 1849 1087 1897 partem
1127 1842 1257 1897 ipsius
1298 1842 1508 1897 sulphuris
1538 1855 1661 1895 super

208 1912 423 1951 vasculum
445 1925 659 1965 cupreum,
680 1925 729 1950 ac
760 1910 963 1965 reliquum
997 1909 1207 1965 sulphuris
1240 1909 1357 1950 mitte
1388 1909 1431 1949 in
1453 1909 1565 1949 aliud
1586 1922 1660 1948 vas

208 1978 341 2019 fusile.
376 1978 570 2033 Cumque
590 1978 849 2033 liquefeceris
870 1984 1091 2033 argentum
1113 1992 1208 2018 cum
1243 1992 1387 2032 cupro,
1410 1991 1531 2018 move
1551 1976 1661 2032 pari-

209 2054 271 2086 ter
292 2060 388 2086 cum
410 2045 604 2095 carbone,
620 2045 844 2101 statimque
863 2044 1037 2086 infunde
1054 2045 1091 2086 ei
1114 2045 1330 2100 plumbum
1353 2050 1394 2085 et
1414 2044 1588 2099 sulphur
1608 2057 1659 2083 ex

210 2127 364 2167 cupreo
386 2113 571 2163 vasculo,
593 2119 634 2153 et
661 2127 825 2153 rursum
848 2112 1074 2154 commisce
1096 2127 1191 2153 cum
1223 2112 1404 2154 carbone
1426 2111 1599 2162 fortiter,
1621 2116 1662 2151 et

210 2196 306 2221 cum
328 2181 593 2222 festinatione
614 2181 742 2221 funde
763 2181 804 2220 in
827 2181 941 2221 aliud
963 2195 1037 2221 vas
1058 2180 1178 2222 fusile
1209 2195 1334 2236 super
1355 2179 1528 2235 sulphur
1547 2178 1662 2235 quod

210 2249 254 2289 in
286 2263 336 2289 eo
369 2248 557 2299 miseras,
590 2263 771 2304 moxque
804 2248 996 2303 deposito
1029 2248 1216 2299 vasculo,
1237 2262 1332 2288 cum
1363 2262 1448 2303 quo
1482 2247 1662 2297 fuderas,

212 2316 356 2371 accipe
376 2316 476 2356 illud
497 2316 539 2355 in
561 2316 673 2371 quod
697 2316 856 2367 fudisti,
879 2322 920 2356 et
941 2316 1060 2356 mitte
1080 2316 1122 2355 in
1143 2316 1285 2371 ignem
1306 2316 1441 2356 donec
1462 2315 1663 2370 liquefiat,

211 2385 445 2440 iterumque
477 2397 750 2424 commovens
786 2383 912 2424 funde
948 2386 990 2423 in
1025 2383 1180 2423 ferrum
1216 2383 1473 2424 infusorium.
1535 2381 1662 2430 Quod

214 2452 326 2507 prius
360 2465 487 2506 quam
520 2450 731 2506 frigescat,
766 2458 932 2505 percute
966 2451 1192 2501 modicum,
1225 2457 1268 2491 et
1306 2449 1463 2491 calefac
1504 2463 1664 2505 parum,

216 2532 463 2573 rursumque
498 2523 680 2572 percute,
706 2518 848 2573 sicque
875 2517 1002 2558 facies
1038 2518 1172 2559 donec
1199 2519 1369 2559 omnino
1401 2519 1664 2559 adtenuetur.

217 2584 382 2626 Natura
402 2585 513 2626 enim
536 2585 673 2641 nigelli
696 2586 790 2626 talis
811 2591 887 2635 est,
908 2593 954 2626 ut
975 2585 1010 2625 si
1029 2585 1227 2641 frigidum
1259 2586 1500 2641 percutitur,
1522 2584 1665 2626 statim

217 2654 421 2709 frangitur
451 2663 493 2693 et
523 2653 661 2703 resilit,
684 2667 760 2693 nec
793 2653 919 2693 debet
951 2653 1009 2693 sic
1042 2653 1234 2705 calefieri,
1262 2660 1309 2694 ut
1342 2653 1546 2703 rubescat,
1568 2652 1667 2709 quia

218 2721 359 2762 statim
380 2720 573 2776 liquescit
594 2727 636 2761 et
655 2720 747 2760 fluit
767 2720 810 2760 in
831 2720 1004 2761 cineres.
1043 2721 1330 2762 Adtenuatum
1351 2735 1450 2762 vero
1468 2719 1667 2776 nigellum

219 2789 336 2830 mitte
370 2789 412 2830 in
444 2790 661 2829 vasculum
697 2788 950 2844 profundum
987 2795 1028 2829 et
1059 2788 1252 2844 spissum,
1286 2797 1329 2830 et
1360 2786 1668 2844 superfundens

219 2871 386 2912 aquam,
407 2856 622 2911 confringe
652 2871 746 2897 cum
778 2857 926 2897 malleo
963 2856 1156 2908 rotundo,
1179 2856 1313 2896 donec
1344 2854 1668 2896 minutissimum
