1970 3202
290 253 336 291 16
759 269 1005 297 THEOPHILI
1039 268 1174 297 LIBER
1208 269 1235 297 1.

743 433 1055 496 CAPUT
1116 434 1254 495 XV

517 578 576 606 DE
608 580 817 607 MIXTURA
848 581 1234 609 VESTIMENTORUM
1266 581 1312 607 IN
1345 580 1486 608 MURO.

283 673 382 774 IN
405 692 523 719 muro
544 694 640 720 vero
660 679 786 734 imple
806 680 1100 733 vestimentum
1121 695 1216 722 cum
1247 695 1364 735 ogra,
1393 679 1537 721 addito
1568 678 1604 719 ei
1635 692 1723 718 mo-

368 744 463 785 dico
483 746 622 798 calcis,
642 753 809 802 propter
829 748 1047 803 fulgorem,
1070 755 1110 790 et
1130 750 1196 790 fac
1218 748 1389 790 umbras
1409 749 1498 803 ejus
1519 747 1605 788 sive
1627 761 1722 787 cum

280 811 456 866 simplici
477 813 616 864 rubro,
637 814 723 855 sive
745 829 839 855 cum
860 816 1042 870 prasino,
1065 817 1151 857 sive
1172 831 1223 858 ex
1245 830 1361 871 posc,
1382 815 1453 871 qui
1468 815 1542 855 fiat
1561 829 1613 855 ex
1633 814 1725 868 ipsa

280 892 383 933 ogra
403 884 443 919 et
463 879 593 921 viridi.
658 881 897 923 Membrina
917 882 959 923 in
981 898 1100 924 muro
1122 883 1317 924 miscetur
1338 897 1389 924 ex
1411 896 1514 937 ogra
1533 887 1574 923 et
1598 895 1725 923 ceno-

280 945 370 986 brio
390 952 432 986 et
452 947 579 998 calce,
601 954 643 989 et
672 964 773 1004 posc
805 950 894 1005 ejus
925 956 966 990 et
995 965 1091 992 rosa
1121 957 1162 991 et
1191 950 1348 991 lumina
1377 951 1482 990 fiant
1511 955 1558 990 ut
1586 963 1725 1004 supra.

281 1012 391 1053 Cum
411 1013 614 1070 imagines
634 1017 699 1057 vel
720 1018 892 1058 aliarum
915 1033 1051 1059 rerum
1073 1018 1231 1074 effigies
1259 1017 1553 1073 pertrahuntur
1573 1017 1616 1056 in
1636 1031 1727 1057 mu-

280 1094 327 1121 ro
347 1079 471 1132 sicco,
488 1083 629 1124 statim
645 1091 888 1140 aspergatur
908 1100 1030 1141 aqua,
1046 1092 1132 1127 tam
1153 1086 1224 1126 diu
1245 1086 1380 1127 donec
1401 1084 1571 1126 omnino
1593 1083 1728 1124 madi-

281 1148 360 1189 dus
381 1148 444 1190 sit.
507 1149 563 1190 Et
592 1151 634 1191 in
664 1152 813 1193 eodem
844 1153 1020 1194 humore
1049 1153 1246 1194 liniantur
1276 1168 1422 1194 omnes
1453 1152 1626 1202 colores,
1657 1150 1730 1206 qui

281 1217 542 1271 Supponendi
573 1225 682 1270 sunt,
713 1220 784 1276 qui
815 1235 960 1261 omnes
991 1221 1105 1262 calce
1145 1221 1411 1272 misceantur,
1442 1226 1484 1261 et
1513 1233 1609 1261 cum
1638 1217 1730 1273 ipso

282 1297 401 1324 muro
431 1284 637 1327 siccentur
666 1292 713 1327 ut
742 1286 937 1329 haereant.
1019 1288 1070 1329 In
1102 1303 1251 1344 campo
1282 1288 1360 1329 sub
1389 1288 1506 1329 lazur
1535 1292 1578 1328 et
1598 1285 1730 1336 viridi,

280 1357 459 1407 ponatur
478 1354 604 1405 color,
626 1355 697 1410 qui
727 1355 875 1396 dicitur
902 1356 1078 1407 veneda,
1111 1356 1267 1397 mixtus
1297 1370 1349 1397 ex
1380 1355 1500 1411 nigro
1531 1359 1573 1395 et
1601 1353 1728 1403 calce,

282 1434 405 1475 super
425 1435 564 1476 quem,
586 1436 682 1463 cum
703 1422 838 1464 siccus
858 1423 993 1476 fuerit,
1023 1429 1203 1480 ponatur
1232 1424 1275 1465 in
1305 1438 1382 1465 suo
1412 1423 1507 1464 loco
1537 1422 1650 1462 lazur
1669 1425 1731 1460 te-

281 1487 374 1528 nuis
395 1502 490 1528 cum
511 1488 580 1530 ovi
601 1490 783 1531 mediolo
806 1491 1069 1533 abundanter
1099 1491 1209 1548 aqua
1238 1491 1370 1532 mixto
1399 1493 1668 1545 temperatus,
1690 1492 1733 1527 et

282 1568 407 1609 super
427 1555 538 1597 hunc
559 1556 705 1598 iterum
728 1558 899 1613 spissior
925 1565 1094 1615 propter
1123 1560 1329 1600 decorem.
1390 1557 1534 1598 Viride
1564 1569 1732 1612 quoque

283 1621 507 1664 misceatur
527 1639 622 1665 cum
644 1640 770 1666 succo
791 1632 834 1666 et
853 1626 986 1682 nigro.

728 2124 1032 2188 CAPUT
1093 2123 1275 2186 XVL

351 2287 412 2316 DE
441 2287 616 2317 TRACTU
647 2289 729 2321 QUI
761 2288 985 2316 IMITATUR
1015 2287 1205 2316 SPECIEM
1238 2285 1479 2316 PLUVIALIS
1511 2286 1667 2315 AROUS.

286 2403 621 2504 TRACTUS
652 2405 723 2461 qui
743 2405 927 2445 imitatur
947 2404 1128 2460 speciem
1159 2402 1347 2459 pluvialis
1377 2416 1497 2444 arcus
1526 2403 1732 2458 conjung-

414 2473 496 2513 itur
516 2473 689 2514 diversis
709 2472 932 2524 coloribus,
953 2471 1146 2512 videlicet
1174 2471 1373 2512 cenobrio
1393 2475 1436 2512 et
1454 2470 1574 2511 viridi
1589 2487 1600 2522 ;
1632 2470 1732 2511 item

287 2540 484 2582 cenobrio
514 2547 556 2582 et
584 2540 767 2593 manisc3
798 2541 899 2581 item
919 2539 1038 2581 viridi
1067 2545 1110 2580 et
1138 2553 1264 2595 ogra3
1286 2539 1387 2580 item
1407 2538 1525 2579 viridi
1546 2543 1588 2579 et
1606 2538 1706 2579 folio
1720 2553 1732 2589 3

287 2608 387 2648 item
413 2608 512 2649 folio
543 2614 586 2649 et
616 2623 719 2664 ogra
734 2625 745 2660 3
777 2608 877 2649 item
907 2607 1070 2649 manisc
1100 2612 1142 2648 et
1171 2620 1302 2662 ogra3
1332 2606 1433 2648 item
1464 2606 1662 2647 cenobrio
1692 2612 1735 2646 et

287 2674 411 2727 foli0;
443 2676 514 2731 qui
535 2675 615 2717 hoc
636 2676 765 2717 modo
786 2680 1103 2731 componuntur.
1166 2673 1292 2715 Fiunt
1321 2674 1405 2715 duo
1435 2679 1594 2715 tractus
1613 2688 1734 2730 aequa

285 2742 502 2784 latitudine
518 2760 529 2795 ;
560 2758 668 2784 unus
689 2758 741 2785 ex
771 2744 914 2795 rubeo,
945 2744 1058 2784 calce
1088 2742 1233 2794 mixto,
1263 2742 1306 2782 in
1336 2756 1469 2794 muro,
1499 2742 1578 2783 sub
1608 2756 1734 2783 ceno-

289 2809 394 2861 brio‚
415 2810 474 2851 ita
494 2816 541 2852 ut
561 2812 630 2852 vix
651 2817 801 2867 quarta
830 2825 926 2866 pars
947 2811 1000 2852 sit
1019 2810 1135 2852 rubei
1151 2827 1162 2862 3
1193 2810 1237 2851 in
1265 2811 1449 2866 laqueari
1470 2825 1567 2851 vero
1596 2810 1734 2865 ipsum

290 2878 532 2919 cenobrium
563 2878 750 2920 similiter
779 2894 873 2920 cum
915 2884 1027 2920 creta
1067 2878 1258 2920 mixtum.
1319 2877 1438 2920 Alter
1467 2893 1565 2920 vero
1595 2878 1736 2918 viridis
