<?xml version="1.0" encoding="UTF-8"?>
<!DOCTYPE html PUBLIC "-//W3C//DTD XHTML 1.0 Transitional//EN"
    "http://www.w3.org/TR/xhtml1/DTD/xhtml1-transitional.dtd">
<html xmlns="http://www.w3.org/1999/xhtml" xml:lang="en" lang="en">
 <head>
  <title>
</title>
<meta http-equiv="Content-Type" content="text/html;charset=utf-8" />
  <meta name='ocr-system' content='tesseract 3.04.00' />
  <meta name='ocr-capabilities' content='ocr_page ocr_carea ocr_par ocr_line ocrx_word'/>
</head>
<body>
  <div class='ocr_page' id='page_1' title='image "./theophiliquietru00theouoft_0468.png"; bbox 0 0 1970 3202; ppageno 0'>
   <div class='ocr_carea' id='block_1_1' title="bbox 251 275 1235 325">
    <p class='ocr_par' dir='ltr' id='par_1_1' title="bbox 251 275 1235 325">
     <span class='ocr_line' id='line_1_1' title="bbox 251 275 1235 325; baseline 0.009 -9"><span class='ocrx_word' id='word_1_1' title='bbox 251 275 334 317; x_wconf 84' lang='lat'>398</span> <span class='ocrx_word' id='word_1_2' title='bbox 708 293 963 323; x_wconf 73' lang='lat' dir='ltr'><strong>THEOPHIM</strong></span> <span class='ocrx_word' id='word_1_3' title='bbox 995 295 1133 325; x_wconf 67' lang='lat' dir='ltr'>mmm</span> <span class='ocrx_word' id='word_1_4' title='bbox 1165 297 1235 325; x_wconf 90' lang='lat'>111.</span> 
     </span>
    </p>
   </div>
   <div class='ocr_carea' id='block_1_2' title="bbox 392 389 1577 920">
    <p class='ocr_par' dir='ltr' id='par_1_2' title="bbox 396 389 1577 519">
     <span class='ocr_line' id='line_1_2' title="bbox 397 389 1577 453; baseline 0.008 -23"><span class='ocrx_word' id='word_1_5' title='bbox 397 389 479 430; x_wconf 89' lang='lat' dir='ltr'>Per</span> <span class='ocrx_word' id='word_1_6' title='bbox 497 395 663 443; x_wconf 89' lang='lat' dir='ltr'>terram,</span> <span class='ocrx_word' id='word_1_7' title='bbox 684 399 809 450; x_wconf 88' lang='lat' dir='ltr'>atque</span> <span class='ocrx_word' id='word_1_8' title='bbox 830 393 949 434; x_wconf 89' lang='lat' dir='ltr'>simul</span> <span class='ocrx_word' id='word_1_9' title='bbox 963 394 1089 449; x_wconf 87' lang='lat' dir='ltr'>jussit</span> <span class='ocrx_word' id='word_1_10' title='bbox 1109 411 1176 438; x_wconf 92' lang='lat' dir='ltr'>me</span> <span class='ocrx_word' id='word_1_11' title='bbox 1196 411 1378 453; x_wconf 74' lang='lat' dir='ltr'><strong>quaerere</strong></span> <span class='ocrx_word' id='word_1_12' title='bbox 1399 402 1577 439; x_wconf 86' lang='lat' dir='ltr'>acetum.</span> 
     </span>
     <span class='ocr_line' id='line_1_3' title="bbox 396 457 1359 519; baseline 0.007 -21"><span class='ocrx_word' id='word_1_13' title='bbox 396 457 520 500; x_wconf 90' lang='lat' dir='ltr'>Utilis</span> <span class='ocrx_word' id='word_1_14' title='bbox 539 473 606 500; x_wconf 88' lang='lat' dir='ltr'>ars</span> <span class='ocrx_word' id='word_1_15' title='bbox 624 460 714 501; x_wconf 86' lang='lat' dir='ltr'>istis</span> <span class='ocrx_word' id='word_1_16' title='bbox 734 461 857 502; x_wconf 86' lang='lat' dir='ltr'>rebus</span> <span class='ocrx_word' id='word_1_17' title='bbox 877 461 1139 519; x_wconf 83' lang='lat' dir='ltr'>calidumque</span> <span class='ocrx_word' id='word_1_18' title='bbox 1160 477 1359 505; x_wconf 89' lang='lat' dir='ltr'>cruorem.</span> 
     </span>
    </p>

    <p class='ocr_par' dir='ltr' id='par_1_3' title="bbox 393 523 1530 779">
     <span class='ocr_line' id='line_1_4' title="bbox 395 523 1473 586; baseline 0.007 -22"><span class='ocrx_word' id='word_1_19' title='bbox 395 523 463 580; x_wconf 78' lang='lat' dir='ltr'>Ex</span> <span class='ocrx_word' id='word_1_20' title='bbox 485 525 613 580; x_wconf 88' lang='lat' dir='ltr'>hyrco</span> <span class='ocrx_word' id='word_1_21' title='bbox 633 526 804 582; x_wconf 85' lang='lat' dir='ltr'>ingenti,</span> <span class='ocrx_word' id='word_1_22' title='bbox 827 543 951 584; x_wconf 90' lang='lat' dir='ltr'>quem</span> <span class='ocrx_word' id='word_1_23' title='bbox 973 530 1116 572; x_wconf 88' lang='lat' dir='ltr'>sollers</span> <span class='ocrx_word' id='word_1_24' title='bbox 1137 538 1323 586; x_wconf 89' lang='lat' dir='ltr'>tempore</span> <span class='ocrx_word' id='word_1_25' title='bbox 1345 545 1473 586; x_wconf 87' lang='lat' dir='ltr'>parvo</span> 
     </span>
     <span class='ocr_line' id='line_1_5' title="bbox 394 591 1399 654; baseline 0.007 -22"><span class='ocrx_word' id='word_1_26' title='bbox 394 591 539 634; x_wconf 68' lang='lat' dir='ltr'>Herba</span> <span class='ocrx_word' id='word_1_27' title='bbox 558 608 610 634; x_wconf 87' lang='lat' dir='ltr'>ex</span> <span class='ocrx_word' id='word_1_28' title='bbox 631 594 784 636; x_wconf 90' lang='lat' dir='ltr'>hedera</span> <span class='ocrx_word' id='word_1_29' title='bbox 804 595 900 637; x_wconf 86' lang='lat' dir='ltr'>forti</span> <span class='ocrx_word' id='word_1_30' title='bbox 919 597 1018 651; x_wconf 89' lang='lat' dir='ltr'>poni</span> <span class='ocrx_word' id='word_1_31' title='bbox 1038 603 1148 639; x_wconf 89' lang='lat' dir='ltr'>tecto</span> <span class='ocrx_word' id='word_1_32' title='bbox 1168 598 1399 654; x_wconf 87' lang='lat' dir='ltr'>religatum.</span> 
     </span>
     <span class='ocr_line' id='line_1_6' title="bbox 393 658 1530 718; baseline 0.007 -19"><span class='ocrx_word' id='word_1_33' title='bbox 393 658 604 715; x_wconf 82' lang='lat' dir='ltr'>Sanguine</span> <span class='ocrx_word' id='word_1_34' title='bbox 624 677 720 702; x_wconf 85' lang='lat' dir='ltr'>cum</span> <span class='ocrx_word' id='word_1_35' title='bbox 740 663 875 704; x_wconf 89' lang='lat' dir='ltr'>calido</span> <span class='ocrx_word' id='word_1_36' title='bbox 895 669 992 718; x_wconf 88' lang='lat' dir='ltr'>post</span> <span class='ocrx_word' id='word_1_37' title='bbox 1011 663 1100 705; x_wconf 86' lang='lat' dir='ltr'>haec</span> <span class='ocrx_word' id='word_1_38' title='bbox 1120 679 1281 706; x_wconf 86' lang='lat' dir='ltr'>vermes</span> <span class='ocrx_word' id='word_1_39' title='bbox 1302 671 1344 706; x_wconf 93' lang='lat' dir='ltr'>et</span> <span class='ocrx_word' id='word_1_40' title='bbox 1363 671 1530 706; x_wconf 84' lang='lat' dir='ltr'>acetum</span> 
     </span>
     <span class='ocr_line' id='line_1_7' title="bbox 395 726 1335 779; baseline 0.006 -13"><span class='ocrx_word' id='word_1_41' title='bbox 395 726 550 779; x_wconf 89' lang='lat' dir='ltr'>Infudi‚</span> <span class='ocrx_word' id='word_1_42' title='bbox 572 742 621 769; x_wconf 87' lang='lat' dir='ltr'>ac</span> <span class='ocrx_word' id='word_1_43' title='bbox 642 735 773 770; x_wconf 84' lang='lat' dir='ltr'>totam</span> <span class='ocrx_word' id='word_1_44' title='bbox 794 730 935 772; x_wconf 89' lang='lat' dir='ltr'>fialam</span> <span class='ocrx_word' id='word_1_45' title='bbox 956 731 1064 774; x_wconf 76' lang='lat' dir='ltr'>clare</span> <span class='ocrx_word' id='word_1_46' title='bbox 1085 732 1335 773; x_wconf 84' lang='lat' dir='ltr'>renitentem</span> 
     </span>
    </p>

    <p class='ocr_par' dir='ltr' id='par_1_4' title="bbox 394 794 1384 854">
     <span class='ocr_line' id='line_1_8' title="bbox 394 794 1384 854; baseline 0.006 -20"><span class='ocrx_word' id='word_1_47' title='bbox 394 794 510 835; x_wconf 84' lang='lat' dir='ltr'>Unxi</span> <span class='ocrx_word' id='word_1_48' title='bbox 522 812 533 846; x_wconf 88' lang='lat'>;</span> <span class='ocrx_word' id='word_1_49' title='bbox 564 810 649 851; x_wconf 92' lang='lat' dir='ltr'>quo</span> <span class='ocrx_word' id='word_1_50' title='bbox 669 796 780 838; x_wconf 86' lang='lat' dir='ltr'>facto</span> <span class='ocrx_word' id='word_1_51' title='bbox 801 797 1001 853; x_wconf 88' lang='lat' dir='ltr'>temptavi</span> <span class='ocrx_word' id='word_1_52' title='bbox 1022 798 1209 854; x_wconf 86' lang='lat' dir='ltr'>sculpere</span> <span class='ocrx_word' id='word_1_53' title='bbox 1231 798 1384 840; x_wconf 86' lang='lat' dir='ltr'>vitrum</span> 
     </span>
    </p>

    <p class='ocr_par' dir='ltr' id='par_1_5' title="bbox 392 860 1276 920">
     <span class='ocr_line' id='line_1_9' title="bbox 392 860 1276 920; baseline 0.007 -18"><span class='ocrx_word' id='word_1_54' title='bbox 392 860 502 902; x_wconf 87' lang='lat' dir='ltr'>Cum</span> <span class='ocrx_word' id='word_1_55' title='bbox 523 863 626 904; x_wconf 92' lang='lat' dir='ltr'>duro</span> <span class='ocrx_word' id='word_1_56' title='bbox 646 864 784 919; x_wconf 89' lang='lat' dir='ltr'>lapide</span> <span class='ocrx_word' id='word_1_57' title='bbox 804 865 938 920; x_wconf 87' lang='lat' dir='ltr'>piritis</span> <span class='ocrx_word' id='word_1_58' title='bbox 959 866 1126 907; x_wconf 91' lang='lat' dir='ltr'>nomine</span> <span class='ocrx_word' id='word_1_59' title='bbox 1147 867 1276 908; x_wconf 87' lang='lat' dir='ltr'>dicto.</span> 
     </span>
    </p>
   </div>
   <div class='ocr_carea' id='block_1_3' title="bbox 665 1148 1338 1212">
    <p class='ocr_par' dir='ltr' id='par_1_6' title="bbox 665 1148 1338 1212">
     <span class='ocr_line' id='line_1_10' title="bbox 665 1148 1338 1212; baseline 0.006 -3"><span class='ocrx_word' id='word_1_60' title='bbox 665 1148 982 1210; x_wconf 88' lang='lat' dir='ltr'><strong>CAPUT</strong></span> <span class='ocrx_word' id='word_1_61' title='bbox 1065 1150 1338 1212; x_wconf 83' lang='lat' dir='ltr'>CIIL¹</span> 
     </span>
    </p>
   </div>
   <div class='ocr_carea' id='block_1_4' title="bbox 693 1289 1256 1318">
    <p class='ocr_par' dir='ltr' id='par_1_7' title="bbox 693 1289 1256 1318">
     <span class='ocr_line' id='line_1_11' title="bbox 693 1289 1256 1318; baseline 0.005 -3"><span class='ocrx_word' id='word_1_62' title='bbox 693 1289 753 1316; x_wconf 87' lang='lat' dir='ltr'>DE</span> <span class='ocrx_word' id='word_1_63' title='bbox 784 1289 980 1316; x_wconf 85' lang='lat' dir='ltr'><strong>PICTURA</strong></span> <span class='ocrx_word' id='word_1_64' title='bbox 1012 1290 1070 1316; x_wconf 88' lang='lat' dir='ltr'>Ex</span> <span class='ocrx_word' id='word_1_65' title='bbox 1101 1289 1256 1318; x_wconf 82' lang='lat' dir='ltr'>VITRO.</span> 
     </span>
    </p>
   </div>
   <div class='ocr_carea' id='block_1_5' title="bbox 388 1387 1517 2121">
    <p class='ocr_par' dir='ltr' id='par_1_8' title="bbox 388 1387 1517 2121">
     <span class='ocr_line' id='line_1_12' title="bbox 392 1387 1447 1486; baseline 0.002 -58"><span class='ocrx_word' id='word_1_66' title='bbox 392 1387 535 1486; x_wconf 80' lang='lat' dir='ltr'>EX</span> <span class='ocrx_word' id='word_1_67' title='bbox 558 1388 664 1428; x_wconf 88' lang='lat' dir='ltr'>vitro</span> <span class='ocrx_word' id='word_1_68' title='bbox 686 1388 719 1428; x_wconf 86' lang='lat' dir='ltr'>si</span> <span class='ocrx_word' id='word_1_69' title='bbox 740 1387 833 1443; x_wconf 87' lang='lat' dir='ltr'>quis</span> <span class='ocrx_word' id='word_1_70' title='bbox 854 1388 1079 1443; x_wconf 82' lang='lat' dir='ltr'>depingere</span> <span class='ocrx_word' id='word_1_71' title='bbox 1100 1389 1268 1430; x_wconf 85' lang='lat' dir='ltr'>vascula</span> <span class='ocrx_word' id='word_1_72' title='bbox 1288 1390 1447 1445; x_wconf 88' lang='lat' dir='ltr'>quaerit,</span> 
     </span>
     <span class='ocr_line' id='line_1_13' title="bbox 550 1455 1517 1513; baseline 0.002 -17"><span class='ocrx_word' id='word_1_73' title='bbox 550 1455 694 1511; x_wconf 80' lang='lat' dir='ltr'>Eligat</span> <span class='ocrx_word' id='word_1_74' title='bbox 715 1456 803 1510; x_wconf 87' lang='lat' dir='ltr'>ipse</span> <span class='ocrx_word' id='word_1_75' title='bbox 823 1455 928 1496; x_wconf 85' lang='lat' dir='ltr'>duas</span> <span class='ocrx_word' id='word_1_76' title='bbox 949 1455 1001 1496; x_wconf 92' lang='lat' dir='ltr'>de</span> <span class='ocrx_word' id='word_1_77' title='bbox 1021 1456 1113 1496; x_wconf 87' lang='lat' dir='ltr'>rufo</span> <span class='ocrx_word' id='word_1_78' title='bbox 1135 1471 1340 1498; x_wconf 85' lang='lat' dir='ltr'>marmore</span> <span class='ocrx_word' id='word_1_79' title='bbox 1362 1464 1517 1513; x_wconf 84' lang='lat' dir='ltr'>petras.</span> 
     </span>
     <span class='ocr_line' id='line_1_14' title="bbox 391 1523 1441 1580; baseline 0.002 -16"><span class='ocrx_word' id='word_1_80' title='bbox 391 1523 506 1564; x_wconf 86' lang='lat' dir='ltr'>Inter</span> <span class='ocrx_word' id='word_1_81' title='bbox 525 1538 629 1580; x_wconf 89' lang='lat' dir='ltr'>quas</span> <span class='ocrx_word' id='word_1_82' title='bbox 650 1523 801 1564; x_wconf 87' lang='lat' dir='ltr'>vitrum</span> <span class='ocrx_word' id='word_1_83' title='bbox 823 1538 1042 1564; x_wconf 86' lang='lat' dir='ltr'>romanum</span> <span class='ocrx_word' id='word_1_84' title='bbox 1063 1530 1262 1576; x_wconf 87' lang='lat' dir='ltr'>conterat,</span> <span class='ocrx_word' id='word_1_85' title='bbox 1284 1530 1326 1566; x_wconf 90' lang='lat' dir='ltr'>et</span> <span class='ocrx_word' id='word_1_86' title='bbox 1344 1539 1441 1566; x_wconf 85' lang='lat' dir='ltr'>cum</span> 
     </span>
     <span class='ocr_line' id='line_1_15' title="bbox 390 1589 1323 1646; baseline 0.002 -15"><span class='ocrx_word' id='word_1_87' title='bbox 390 1589 451 1631; x_wconf 84' lang='lat' dir='ltr'>Ut</span> <span class='ocrx_word' id='word_1_88' title='bbox 472 1591 604 1646; x_wconf 89' lang='lat' dir='ltr'>pulvis</span> <span class='ocrx_word' id='word_1_89' title='bbox 625 1597 744 1632; x_wconf 82' lang='lat' dir='ltr'>terrae</span> <span class='ocrx_word' id='word_1_90' title='bbox 765 1591 887 1632; x_wconf 88' lang='lat' dir='ltr'>fuerit</span> <span class='ocrx_word' id='word_1_91' title='bbox 906 1591 1059 1646; x_wconf 84' lang='lat' dir='ltr'>pariter</span> <span class='ocrx_word' id='word_1_92' title='bbox 1081 1593 1323 1633; x_wconf 87' lang='lat' dir='ltr'>resolutum.</span> 
     </span>
     <span class='ocr_line' id='line_1_16' title="bbox 388 1657 1466 1715; baseline 0.001 -16"><span class='ocrx_word' id='word_1_93' title='bbox 388 1657 483 1700; x_wconf 90' lang='lat' dir='ltr'>Hoc</span> <span class='ocrx_word' id='word_1_94' title='bbox 505 1659 631 1701; x_wconf 89' lang='lat' dir='ltr'>faciat</span> <span class='ocrx_word' id='word_1_95' title='bbox 651 1659 854 1715; x_wconf 87' lang='lat' dir='ltr'>liquidum</span> <span class='ocrx_word' id='word_1_96' title='bbox 875 1659 986 1700; x_wconf 88' lang='lat' dir='ltr'>clara</span> <span class='ocrx_word' id='word_1_97' title='bbox 1008 1659 1260 1715; x_wconf 82' lang='lat' dir='ltr'>pinguedine</span> <span class='ocrx_word' id='word_1_98' title='bbox 1282 1660 1466 1715; x_wconf 79' lang='lat' dir='ltr'>gummi3</span> 
     </span>
     <span class='ocr_line' id='line_1_17' title="bbox 390 1724 1406 1783; baseline 0.002 -17"><span class='ocrx_word' id='word_1_99' title='bbox 390 1724 552 1781; x_wconf 75' lang='lat' dir='ltr'>Septies</span> <span class='ocrx_word' id='word_1_100' title='bbox 575 1727 655 1767; x_wconf 87' lang='lat' dir='ltr'>hoc</span> <span class='ocrx_word' id='word_1_101' title='bbox 677 1726 835 1768; x_wconf 74' lang='lat' dir='ltr'>seilicet</span> <span class='ocrx_word' id='word_1_102' title='bbox 857 1741 967 1783; x_wconf 87' lang='lat' dir='ltr'>aqua</span> <span class='ocrx_word' id='word_1_103' title='bbox 989 1727 1119 1769; x_wconf 77' lang='lat' dir='ltr'>nitide</span> <span class='ocrx_word' id='word_1_104' title='bbox 1139 1726 1262 1768; x_wconf 86' lang='lat' dir='ltr'>ablue</span> <span class='ocrx_word' id='word_1_105' title='bbox 1282 1728 1406 1769; x_wconf 89' lang='lat' dir='ltr'>clara.</span> 
     </span>
     <span class='ocr_line' id='line_1_18' title="bbox 389 1793 1484 1850; baseline 0.003 -17"><span class='ocrx_word' id='word_1_106' title='bbox 389 1793 496 1835; x_wconf 84' lang='lat' dir='ltr'>Post</span> <span class='ocrx_word' id='word_1_107' title='bbox 515 1794 606 1836; x_wconf 87' lang='lat' dir='ltr'>haec</span> <span class='ocrx_word' id='word_1_108' title='bbox 627 1795 827 1850; x_wconf 86' lang='lat' dir='ltr'>depingat</span> <span class='ocrx_word' id='word_1_109' title='bbox 846 1794 1022 1850; x_wconf 82' lang='lat' dir='ltr'>paginas</span> <span class='ocrx_word' id='word_1_110' title='bbox 1044 1809 1148 1850; x_wconf 89' lang='lat' dir='ltr'>quas</span> <span class='ocrx_word' id='word_1_111' title='bbox 1169 1795 1290 1836; x_wconf 86' lang='lat' dir='ltr'>finxit</span> <span class='ocrx_word' id='word_1_112' title='bbox 1310 1794 1484 1837; x_wconf 78' lang='lat' dir='ltr'>honeste</span> 
     </span>
     <span class='ocr_line' id='line_1_19' title="bbox 393 1861 1447 1918; baseline 0.001 -16"><span class='ocrx_word' id='word_1_113' title='bbox 393 1862 588 1918; x_wconf 83' lang='lat' dir='ltr'>Figulus:</span> <span class='ocrx_word' id='word_1_114' title='bbox 622 1863 703 1903; x_wconf 89' lang='lat' dir='ltr'>hoc</span> <span class='ocrx_word' id='word_1_115' title='bbox 726 1862 839 1904; x_wconf 86' lang='lat' dir='ltr'>facto</span> <span class='ocrx_word' id='word_1_116' title='bbox 862 1875 1061 1902; x_wconf 84' lang='lat' dir='ltr'>succense</span> <span class='ocrx_word' id='word_1_117' title='bbox 1082 1861 1258 1916; x_wconf 87' lang='lat' dir='ltr'>inponat</span> <span class='ocrx_word' id='word_1_118' title='bbox 1277 1862 1447 1903; x_wconf 89' lang='lat' dir='ltr'>easdem</span> 
     </span>
     <span class='ocr_line' id='line_1_20' title="bbox 391 1928 1423 1985; baseline 0 -15"><span class='ocrx_word' id='word_1_119' title='bbox 391 1928 584 1981; x_wconf 82' lang='lat' dir='ltr'>Fornaei,</span> <span class='ocrx_word' id='word_1_120' title='bbox 606 1935 848 1985; x_wconf 83' lang='lat' dir='ltr'>caveatque,</span> <span class='ocrx_word' id='word_1_121' title='bbox 871 1929 993 1970; x_wconf 90' lang='lat' dir='ltr'>simul</span> <span class='ocrx_word' id='word_1_122' title='bbox 1013 1943 1097 1984; x_wconf 90' lang='lat' dir='ltr'>quo</span> <span class='ocrx_word' id='word_1_123' title='bbox 1118 1934 1226 1970; x_wconf 86' lang='lat' dir='ltr'>terra</span> <span class='ocrx_word' id='word_1_124' title='bbox 1247 1930 1423 1985; x_wconf 87' lang='lat' dir='ltr'>probata</span> 
     </span>
     <span class='ocr_line' id='line_1_21' title="bbox 389 1996 1387 2054; baseline 0 -16"><span class='ocrx_word' id='word_1_125' title='bbox 389 1996 480 2038; x_wconf 84' lang='lat' dir='ltr'>Has</span> <span class='ocrx_word' id='word_1_126' title='bbox 501 2005 653 2049; x_wconf 88' lang='lat' dir='ltr'>teneat,</span> <span class='ocrx_word' id='word_1_127' title='bbox 675 1999 758 2054; x_wconf 81' lang='lat' dir='ltr'>quo</span> <span class='ocrx_word' id='word_1_128' title='bbox 780 1997 839 2038; x_wconf 85' lang='lat' dir='ltr'>sic</span> <span class='ocrx_word' id='word_1_129' title='bbox 861 1997 1028 2037; x_wconf 84' lang='lat' dir='ltr'>valeant</span> <span class='ocrx_word' id='word_1_130' title='bbox 1049 1996 1216 2038; x_wconf 87' lang='lat' dir='ltr'>obstare</span> <span class='ocrx_word' id='word_1_131' title='bbox 1237 1997 1387 2039; x_wconf 86' lang='lat' dir='ltr'>calori:</span> 
     </span>
     <span class='ocr_line' id='line_1_22' title="bbox 391 2064 1246 2121; baseline 0.001 -16"><span class='ocrx_word' id='word_1_132' title='bbox 391 2065 574 2121; x_wconf 83' lang='lat' dir='ltr'>Illasque</span> <span class='ocrx_word' id='word_1_133' title='bbox 595 2065 721 2106; x_wconf 86' lang='lat' dir='ltr'>faeiat</span> <span class='ocrx_word' id='word_1_134' title='bbox 739 2066 862 2121; x_wconf 87' lang='lat' dir='ltr'>plena</span> <span class='ocrx_word' id='word_1_135' title='bbox 882 2065 1033 2106; x_wconf 89' lang='lat' dir='ltr'>virtute</span> <span class='ocrx_word' id='word_1_136' title='bbox 1055 2064 1246 2109; x_wconf 79' lang='lat' dir='ltr'>nitentes.</span> 
     </span>
    </p>
   </div>
   <div class='ocr_carea' id='block_1_6' title="bbox 686 2347 1317 2416">
    <p class='ocr_par' dir='ltr' id='par_1_9' title="bbox 686 2347 1317 2416">
     <span class='ocr_line' id='line_1_23' title="bbox 686 2347 1317 2416; baseline -0.003 0"><span class='ocrx_word' id='word_1_137' title='bbox 686 2353 994 2416; x_wconf 88' lang='lat' dir='ltr'><strong>CAPUT</strong></span> <span class='ocrx_word' id='word_1_138' title='bbox 1076 2347 1317 2414; x_wconf 61' lang='lat' dir='ltr'>Csw²</span> 
     </span>
    </p>
   </div>
   <div class='ocr_carea' id='block_1_7' title="bbox 766 2486 1193 2515">
    <p class='ocr_par' dir='ltr' id='par_1_10' title="bbox 766 2486 1193 2515">
     <span class='ocr_line' id='line_1_24' title="bbox 766 2486 1193 2515; baseline -0.005 0"><span class='ocrx_word' id='word_1_139' title='bbox 766 2489 827 2515; x_wconf 86' lang='lat' dir='ltr'>DE</span> <span class='ocrx_word' id='word_1_140' title='bbox 858 2487 1010 2515; x_wconf 83' lang='lat' dir='ltr'><strong>VIRIDI</strong></span> <span class='ocrx_word' id='word_1_141' title='bbox 1041 2486 1193 2514; x_wconf 83' lang='lat' dir='ltr'>VITRO.</span> 
     </span>
    </p>
   </div>
   <div class='ocr_carea' id='block_1_8' title="bbox 351 2584 1692 2714">
    <p class='ocr_par' dir='ltr' id='par_1_11' title="bbox 351 2584 1692 2714">
     <span class='ocr_line' id='line_1_25' title="bbox 351 2584 1692 2647; baseline 0 -17"><span class='ocrx_word' id='word_1_142' title='bbox 351 2587 416 2630; x_wconf 94' lang='lat' dir='ltr'>UI</span> <span class='ocrx_word' id='word_1_143' title='bbox 438 2590 561 2632; x_wconf 86' lang='lat' dir='ltr'>vultis</span> <span class='ocrx_word' id='word_1_144' title='bbox 583 2591 817 2647; x_wconf 88' lang='lat' dir='ltr'>preciosum</span> <span class='ocrx_word' id='word_1_145' title='bbox 837 2589 989 2631; x_wconf 87' lang='lat' dir='ltr'>vitrum</span> <span class='ocrx_word' id='word_1_146' title='bbox 1010 2587 1160 2639; x_wconf 87' lang='lat' dir='ltr'>facere,</span> <span class='ocrx_word' id='word_1_147' title='bbox 1177 2587 1347 2629; x_wconf 81' lang='lat' dir='ltr'>auribus</span> <span class='ocrx_word' id='word_1_148' title='bbox 1367 2584 1565 2641; x_wconf 87' lang='lat' dir='ltr'>percipite</span> <span class='ocrx_word' id='word_1_149' title='bbox 1582 2586 1692 2630; x_wconf 88' lang='lat' dir='ltr'>hanc</span> 
     </span>
     <span class='ocr_line' id='line_1_26' title="bbox 378 2652 1692 2714; baseline 0 -17"><span class='ocrx_word' id='word_1_150' title='bbox 378 2664 509 2698; x_wconf 86' lang='lat' dir='ltr'>artem</span> <span class='ocrx_word' id='word_1_151' title='bbox 530 2673 657 2714; x_wconf 88' lang='lat' dir='ltr'>quam</span> <span class='ocrx_word' id='word_1_152' title='bbox 687 2658 807 2699; x_wconf 87' lang='lat' dir='ltr'>vobis</span> <span class='ocrx_word' id='word_1_153' title='bbox 832 2658 885 2699; x_wconf 91' lang='lat' dir='ltr'>de</span> <span class='ocrx_word' id='word_1_154' title='bbox 919 2657 1026 2696; x_wconf 89' lang='lat' dir='ltr'>vitro</span> <span class='ocrx_word' id='word_1_155' title='bbox 1056 2653 1408 2697; x_wconf 83' lang='lat' dir='ltr'>scriberecuravi.</span> <span class='ocrx_word' id='word_1_156' title='bbox 1470 2652 1692 2697; x_wconf 89' lang='lat' dir='ltr'>Pulverem</span> 
     </span>
    </p>
   </div>
   <div class='ocr_carea' id='block_1_9' title="bbox 238 2722 1691 2847">
    <p class='ocr_par' dir='ltr' id='par_1_12' title="bbox 238 2722 1691 2847">
     <span class='ocr_line' id='line_1_27' title="bbox 239 2722 1691 2779; baseline 0.002 -17"><span class='ocrx_word' id='word_1_157' title='bbox 239 2723 322 2763; x_wconf 86' lang='lat' dir='ltr'>arsi</span> <span class='ocrx_word' id='word_1_158' title='bbox 349 2723 557 2778; x_wconf 81' lang='lat' dir='ltr'>sulphuris</span> <span class='ocrx_word' id='word_1_159' title='bbox 579 2738 674 2764; x_wconf 87' lang='lat' dir='ltr'>cum</span> <span class='ocrx_word' id='word_1_160' title='bbox 695 2723 824 2765; x_wconf 90' lang='lat' dir='ltr'>viride</span> <span class='ocrx_word' id='word_1_161' title='bbox 846 2724 954 2765; x_wconf 90' lang='lat' dir='ltr'>vitro</span> <span class='ocrx_word' id='word_1_162' title='bbox 974 2722 1183 2779; x_wconf 84' lang='lat' dir='ltr'>indagavi,</span> <span class='ocrx_word' id='word_1_163' title='bbox 1214 2722 1450 2778; x_wconf 84' lang='lat' dir='ltr'>pariterque</span> <span class='ocrx_word' id='word_1_164' title='bbox 1478 2722 1691 2777; x_wconf 87' lang='lat' dir='ltr'>pulverem</span> 
     </span>
     <span class='ocr_line' id='line_1_28' title="bbox 238 2789 1690 2847; baseline 0.002 -17"><span class='ocrx_word' id='word_1_165' title='bbox 238 2790 320 2831; x_wconf 85' lang='lat' dir='ltr'>arsi</span> <span class='ocrx_word' id='word_1_166' title='bbox 341 2790 460 2845; x_wconf 86' lang='lat' dir='ltr'>cupri</span> <span class='ocrx_word' id='word_1_167' title='bbox 481 2791 606 2831; x_wconf 87' lang='lat' dir='ltr'>michi</span> <span class='ocrx_word' id='word_1_168' title='bbox 627 2791 813 2847; x_wconf 80' lang='lat' dir='ltr'>quaesivi.</span> <span class='ocrx_word' id='word_1_169' title='bbox 873 2790 1039 2832; x_wconf 89' lang='lat' dir='ltr'>Deinde</span> <span class='ocrx_word' id='word_1_170' title='bbox 1060 2790 1210 2831; x_wconf 89' lang='lat' dir='ltr'>vitrum</span> <span class='ocrx_word' id='word_1_171' title='bbox 1232 2790 1354 2831; x_wconf 76' lang='lat' dir='ltr'>valde</span> <span class='ocrx_word' id='word_1_172' title='bbox 1380 2789 1538 2830; x_wconf 86' lang='lat' dir='ltr'>clarum</span> <span class='ocrx_word' id='word_1_173' title='bbox 1566 2805 1690 2847; x_wconf 84' lang='lat' dir='ltr'>supra</span> 
     </span>
    </p>
   </div>
   <div class='ocr_carea' id='block_1_10' title="bbox 411 2883 1487 2926">
    <p class='ocr_par' dir='ltr' id='par_1_13' title="bbox 411 2883 1487 2926">
     <span class='ocr_line' id='line_1_29' title="bbox 411 2883 1487 2926; baseline 0.001 -11"><span class='ocrx_word' id='word_1_174' title='bbox 411 2883 419 2902; x_wconf 91' lang='lat'>¹</span> <span class='ocrx_word' id='word_1_175' title='bbox 445 2886 465 2902; x_wconf 91' lang='lat'><strong>“</strong></span> <span class='ocrx_word' id='word_1_176' title='bbox 478 2885 590 2916; x_wconf 84' lang='lat' dir='ltr'>Eraclii</span> <span class='ocrx_word' id='word_1_177' title='bbox 602 2885 617 2897; x_wconf 84' lang='lat'>’¹</span> <span class='ocrx_word' id='word_1_178' title='bbox 640 2886 782 2926; x_wconf 79' lang='lat' dir='ltr'>capitula</span> <span class='ocrx_word' id='word_1_179' title='bbox 796 2890 845 2917; x_wconf 70' lang='lat' dir='ltr'>est.</span> <span class='ocrx_word' id='word_1_180' title='bbox 1123 2883 1137 2902; x_wconf 74' lang='lat'>⁸</span> <span class='ocrx_word' id='word_1_181' title='bbox 1159 2886 1180 2903; x_wconf 90' lang='lat'><em>“</em></span> <span class='ocrx_word' id='word_1_182' title='bbox 1192 2884 1330 2916; x_wconf 80' lang='lat' dir='ltr'>Eraclii’&#39;</span> <span class='ocrx_word' id='word_1_183' title='bbox 1353 2894 1422 2924; x_wconf 80' lang='lat' dir='ltr'>cap.</span> <span class='ocrx_word' id='word_1_184' title='bbox 1439 2889 1487 2916; x_wconf 68' lang='lat' dir='ltr'>est.</span> 
     </span>
    </p>
   </div>
   <div class='ocr_carea' id='block_1_11' title="bbox 1832 0 1970 3202">
    <p class='ocr_par' dir='ltr' id='par_1_14' title="bbox 1832 0 1970 3202">
     <span class='ocr_line' id='line_1_30' title="bbox 1832 0 1970 3202; baseline 0 0"><span class='ocrx_word' id='word_1_185' title='bbox 1832 0 1970 3202; x_wconf 95' lang='lat' dir='ltr'> </span> 
     </span>
    </p>
   </div>
  </div>
 </body>
</html>
