1970 3202
483 782 878 844 INCIPIT
967 783 1501 847 PROLOGUS

649 1067 930 1123 LIBRUM
1004 1070 1347 1143 TERTIUM.

380 1424 632 1470 XIMIUS
691 1425 1035 1486 Prophetarum
1088 1425 1251 1479 David,
1301 1440 1441 1485 quem
1490 1424 1722 1472 Dominus

446 1501 578 1548 Deus
612 1502 842 1562 praescivit
876 1507 987 1547 ante
1021 1507 1234 1562 tempora
1268 1502 1496 1548 secularia
1529 1507 1579 1548 et
1607 1518 1722 1563 prae-

258 1580 522 1633 destinavit,
547 1594 781 1640 quemque
797 1579 939 1639 juxta
961 1579 1311 1639 simplicitatem
1335 1585 1384 1625 et
1402 1579 1718 1625 humilitatem

256 1657 428 1701 mentis
462 1656 600 1710 illius,
626 1657 883 1702 secundum
907 1672 986 1701 cor
1009 1671 1146 1702 suum
1175 1656 1330 1717 elegit,
1356 1662 1404 1702 et
1428 1657 1515 1702 sibi
1539 1657 1722 1702 dilectae

256 1732 384 1793 plebi
407 1734 662 1794 principem
688 1734 950 1794 praeposuit,
974 1738 1123 1793 utque
1146 1733 1354 1793 regimen
1377 1733 1497 1777 tanti
1521 1733 1721 1779 nominis

256 1810 477 1855 nobiliter
501 1816 550 1856 et
574 1810 838 1871 prudenter,
864 1810 1142 1870 disponeret,
1168 1810 1332 1870 spiritu
1347 1809 1588 1869 principali
1613 1825 1721 1855 con-

256 1887 470 1940 firmavit,
494 1893 597 1933 tota
620 1888 792 1933 mentis
823 1887 1086 1932 intentione
1110 1902 1159 1933 se
1194 1887 1419 1948 colligens
1443 1888 1491 1932 in
1514 1902 1720 1932 amorem

257 1965 327 2008 sui
364 1965 627 2018 conditoris,
662 1965 761 2009 haec
795 1965 919 2010 inter
951 1963 1041 2009 alia
1075 1953 1299 2024 protulit:
1336 1961 1548 2016 Domine,
1577 1962 1721 2010 dileoei

257 2039 456 2088 decorem
502 2041 661 2087 domus
701 2046 803 2086 tuce.
874 2040 940 2086 Et
986 2040 1098 2085 licet
1138 2041 1208 2085 vir
1246 2046 1390 2085 tantae
1429 2040 1720 2086 auctoritatis

257 2124 448 2178 tamque
476 2120 658 2179 capacis
692 2118 974 2171 intellectus,
999 2119 1190 2163 domum
1225 2118 1345 2163 hanc
1380 2117 1558 2162 diceret
1591 2117 1722 2163 habi-

256 2195 484 2240 tationem
521 2195 724 2241 coelestis
759 2195 909 2248 curiae,
944 2196 990 2240 in
1027 2210 1119 2255 qua
1149 2192 1279 2240 Deus
1313 2194 1540 2255 hymnicis
1563 2194 1721 2255 angel-

257 2286 390 2316 orum
424 2272 575 2317 choris
611 2271 926 2317 inaestimabili
966 2272 1182 2332 praesidet
1218 2271 1443 2324 claritate,
1484 2270 1543 2315 ad
1578 2285 1718 2330 quam

256 2347 357 2408 ipse
391 2349 504 2394 totis
535 2349 789 2394 visceribus
824 2349 1088 2401 anhelabat,
1126 2348 1312 2393 dicens:
1361 2345 1512 2392 Unam
1538 2348 1658 2408 petiz·
1690 2363 1719 2393 a

255 2423 473 2478 Domino,
508 2423 624 2470 hane
654 2425 899 2486 requiram,
934 2430 985 2470 ut
1015 2423 1256 2470 inhabitem
1288 2425 1338 2469 in
1370 2423 1501 2470 domo
1522 2421 1720 2470 Domini

256 2502 460 2549 omnibus
506 2500 660 2548 diebus
704 2502 810 2547 vitoe
855 2517 966 2548 mete
980 2518 996 2554 ‚·
1033 2501 1130 2547 sive
1169 2500 1518 2560 receptaculum
1560 2501 1717 2546 devoti

255 2580 456 2639 pectoris
493 2584 542 2624 et
579 2579 811 2638 purissimi
846 2578 1006 2631 cordis,
1045 2578 1121 2623 cui
1157 2593 1266 2623 vere
1301 2576 1433 2622 Deus
1472 2577 1716 2630 inhabitat,

255 2656 388 2715 cujus
423 2656 617 2715 hospitis
659 2655 887 2701 desiderio
927 2655 1054 2700 idem
1085 2654 1283 2715 flagrans
1318 2658 1444 2699 orat:
1485 2651 1717 2715 Spiritum

252 2738 421 2778 rectum
451 2733 617 2778 innova
641 2733 691 2778 in
724 2731 966 2779 visceribus
989 2732 1112 2785 meis,
1135 2729 1337 2778 Domine
1351 2747 1366 2774 .·
1403 2736 1562 2776 tamen
1586 2745 1715 2776 orna-

255 2815 359 2855 tum
383 2809 635 2855 materialis
659 2809 824 2855 domus
849 2808 955 2862 Dei,
980 2825 1082 2870 quae
1104 2808 1233 2854 locus
1256 2813 1328 2854 est
1352 2808 1584 2862 orationis,
1609 2822 1717 2853 con-

254 2892 348 2933 stat
372 2902 480 2933 eum
505 2886 834 2947 concupivisse.
