1970 3202
360 664 708 718 INCIPIT
778 664 1057 718 LIBER
1127 663 1606 736 SECUNDUS.

783 1008 1086 1071 CAPUT
1182 1010 1232 1071 I.

356 1166 416 1193 DE
447 1166 816 1196 CONSTRUCTIONE
847 1167 987 1196 FURNI
1019 1167 1082 1195 AD
1113 1167 1397 1196 OPERANDUM
1428 1168 1620 1197 VITRUM.

258 1265 358 1365 SI
390 1267 543 1308 sederit
571 1267 613 1308 in
650 1269 790 1310 animo
821 1274 867 1309 ut
893 1268 1046 1309 vitrum
1081 1283 1325 1324 componas,
1358 1269 1538 1325 primum
1574 1269 1710 1311 incide

364 1334 479 1390 ligna
508 1335 676 1391 faginea
707 1337 837 1378 multa
866 1342 908 1378 et
935 1337 1101 1378 exsicca
1130 1352 1193 1378 ea.
1256 1337 1422 1379 Deinde
1443 1337 1640 1379 combure
1662 1351 1711 1378 ea

257 1403 409 1459 pariter
443 1403 487 1445 in
518 1405 614 1446 loco
644 1405 818 1457 mundo,
849 1410 891 1446 et
922 1405 1080 1446 cineres
1113 1405 1333 1461 diligenter
1364 1405 1579 1462 colligenS,
1610 1420 1712 1447 cave

255 1486 309 1513 ne
339 1472 563 1528 quicquam
592 1478 712 1514 terrae
742 1472 1029 1515 commisceas.
1089 1472 1369 1515 Postmodum
1395 1488 1602 1529 compone
1627 1473 1711 1514 fiir-

256 1554 355 1581 num
379 1554 431 1581 ex
451 1540 658 1596 lapidibus
684 1546 726 1582 et
755 1540 915 1597 argilla,
946 1540 1205 1597 longitudine
1232 1541 1388 1597 pedum
1419 1555 1481 1582 xv
1503 1547 1546 1582 et
1574 1541 1712 1582 latitu-

257 1609 355 1650 dine
375 1622 417 1660 Χ,
438 1608 480 1649 in
500 1607 613 1649 hunc
634 1609 819 1650 modum.

317 1675 507 1718 Primum
528 1691 638 1733 pone
668 1676 986 1718 fundamentum
1017 1677 1059 1718 in
1091 1683 1267 1733 utroque
1287 1676 1561 1733 longitudinis
1580 1678 1711 1719 latere

257 1744 525 1800 spissitudine
557 1744 679 1786 unius
709 1745 839 1800 pedis,
871 1744 1027 1786 faciens
1062 1745 1190 1785 larem
1224 1744 1267 1785 in
1299 1744 1437 1786 medio
1472 1745 1633 1786 firmam
1670 1751 1712 1786 et

256 1813 474 1868 aequalem,
505 1812 713 1868 lapidibus
743 1819 784 1854 et
811 1813 969 1869 argilla,
991 1812 1181 1854 dividens
1207 1827 1303 1853 eum
1332 1812 1439 1853 inter
1468 1818 1551 1853 tres
1572 1818 1710 1868 partes

256 1880 451 1936 aequales,
481 1885 529 1921 ut
557 1880 650 1921 duae
681 1894 754 1936 per
783 1895 827 1921 se
858 1881 954 1932 sint,
984 1886 1026 1921 et
1055 1880 1176 1921 tertia
1200 1894 1274 1935 per
1294 1895 1338 1921 se
1360 1880 1506 1930 divisa,
1527 1894 1647 1920 muro
1667 1879 1709 1920 in

254 1948 471 1990 latitudine
491 1948 641 2004 posito.
703 1948 869 1990 Deinde
899 1948 966 1989 fac
997 1948 1185 1989 foramen
1205 1948 1249 1988 in
1268 1953 1443 2003 utraque
1464 1947 1598 1988 fronte
1618 1947 1711 1988 lati-

254 2017 424 2069 tudinis,
455 2031 528 2072 per
557 2015 672 2072 quod
701 2016 865 2072 possint
893 2016 1008 2072 ligna
1038 2021 1080 2057 et
1108 2016 1217 2073 ignis
1237 2015 1410 2071 imponi,
1435 2020 1478 2056 et
1497 2014 1709 2056 aedificans

257 2099 423 2126 murum
453 2084 496 2125 in
522 2084 694 2126 circuitu
723 2099 857 2141 usque
885 2084 940 2125 ad
966 2084 1231 2126 latitudinem
1251 2089 1431 2140 quatuor
1451 2083 1621 2139 pedum,
1642 2083 1710 2124 fac

256 2154 405 2195 iterum
434 2154 565 2194 larem
595 2153 759 2194 firmam
791 2159 833 2194 et
862 2153 1065 2209 aequalem
1094 2167 1168 2208 per
1187 2152 1342 2204 omnia,
1372 2157 1415 2193 et
1434 2151 1523 2193 sine
1543 2165 1709 2192 murum

257 2221 470 2263 divisionis
499 2221 803 2277 aliquantulum
833 2220 1071 2262 ascendere.
1133 2220 1242 2262 Post
1270 2235 1364 2277 quae
1393 2219 1459 2261 fac
1488 2219 1530 2260 in
1561 2218 1710 2274 majori

257 2290 392 2346 spatio
413 2294 592 2346 quatuor
611 2288 817 2330 foramina
845 2288 889 2329 in
908 2303 994 2330 uno
1013 2289 1140 2330 latere
1161 2287 1448 2344 longitudinis,
1469 2292 1511 2328 et
1530 2292 1709 2343 quatuor

257 2359 300 2399 in
330 2359 461 2399 altero
491 2371 565 2412 per
594 2356 780 2398 medium
808 2357 919 2409 laris,
949 2357 994 2398 in
1020 2357 1172 2413 quibus
1202 2361 1413 2413 ponantur
1432 2370 1533 2397 vasa
1560 2354 1709 2410 operis,

257 2427 425 2483 duoque
445 2425 650 2466 foramina
669 2424 711 2466 in
743 2425 882 2466 medio
913 2439 985 2480 per
1010 2439 1104 2480 quae
1123 2424 1296 2465 flamma
1316 2424 1449 2479 possit
1468 2423 1708 2476 ascendere,

257 2500 299 2535 et
318 2494 531 2535 aedificans
551 2507 716 2534 murum
745 2493 788 2533 in
818 2492 1004 2544 circuitu,
1025 2492 1092 2533 fac
1112 2492 1217 2533 duas
1239 2492 1441 2533 fenestras
1461 2490 1643 2548 quadras
1663 2490 1708 2532 in

256 2561 516 2618 longitudine
537 2565 579 2603 et
597 2560 814 2602 latitudine
829 2560 951 2601 unius
967 2559 1130 2615 palmae,
1150 2559 1194 2600 in
1213 2564 1390 2615 utroque
1410 2559 1538 2600 latere
1560 2563 1708 2600 contra

255 2630 462 2672 foramina
489 2643 630 2681 unam,
651 2643 726 2685 per
754 2642 858 2685 quas
879 2642 979 2669 vasa
1007 2627 1275 2683 imponantur
1305 2632 1347 2668 et
1376 2626 1592 2683 ejiciantur
1610 2641 1707 2667 cum

254 2697 333 2750 his,
354 2711 448 2753 quae
477 2696 520 2737 in
548 2696 629 2738 illis
659 2696 890 2737 mittuntur.
953 2694 1039 2736 Fac
1060 2694 1186 2736 etiam
1206 2694 1250 2736 in
1270 2694 1421 2736 minori
1441 2693 1577 2750 spatio
1597 2693 1708 2735 fora-

255 2778 353 2805 men
381 2777 455 2818 per
484 2762 668 2803 medium
697 2762 795 2803 laris
818 2762 942 2818 juxta
970 2762 1170 2818 parietem
1203 2761 1401 2814 medium,
1422 2766 1464 2802 et
1483 2760 1708 2802 fenestram

254 2832 308 2873 ad
339 2844 576 2871 mensuram
611 2830 739 2886 palmi
767 2830 892 2886 juxta
922 2829 1122 2886 parietem
1154 2828 1302 2870 frontis
1337 2829 1599 2882 exteriorem,
1634 2842 1710 2884 per

252 2913 380 2957 quam
411 2897 543 2954 possit
570 2897 730 2953 imponi
763 2903 806 2940 et
837 2897 992 2940 assumi
1024 2897 1139 2954 quod
1171 2896 1451 2939 necessarium
1484 2901 1549 2938 est
1577 2895 1707 2952 operi.
