1970 3202
338 263 393 304 34
822 281 1071 310 THEOPHILI
1103 281 1239 310 mmm
1271 282 1300 310 1.

339 391 445 432 opus
466 383 585 419 tuum
608 379 815 431 festinare,
836 395 953 422 sume
969 382 1142 436 gummi,
1162 381 1276 438 quod
1289 381 1375 423 exit
1394 381 1447 422 de
1469 380 1619 422 arbore
1640 394 1788 421 ceraso

338 443 426 485 sive
458 460 605 500 pruno,
626 452 668 488 et
703 447 928 490 concidens
948 448 1047 490 illud
1078 449 1317 490 minutatim
1339 463 1446 504 pone
1476 448 1519 488 in
1539 462 1615 489 vas
1646 448 1788 499 fictile,

337 516 379 552 et
398 525 553 568 aquam
583 514 847 556 abundanter
874 516 1062 567 infunde,
1083 522 1126 557 et
1155 530 1263 571 pone
1294 516 1348 557 ad
1379 516 1524 566 solem,
1546 514 1633 556 sive
1662 529 1790 569 super

335 579 540 622 carbones
559 581 602 622 in
622 581 774 633 hieme,
795 583 931 624 donec
963 583 1151 639 liquefiat
1171 583 1347 639 gummi,
1378 589 1420 624 et
1453 583 1570 638 ligno
1602 581 1786 622 rotundo

336 645 576 688 commisce.
637 647 804 690 Deinde
825 650 916 691 cola
945 665 1019 705 per
1038 665 1239 706 pannum,
1261 656 1303 692 et
1329 650 1425 692 inde
1445 656 1531 691 tere
1551 650 1712 691 colores
1742 654 1788 689 et

334 709 518 766 impone.
581 713 743 756 Omnes
764 716 924 757 colores
952 723 994 758 et
1021 717 1212 758 mixturae
1244 732 1389 759 eorum
1409 717 1492 758 hoc
1516 715 1676 772 gummi
1709 715 1789 756 teri

335 783 377 819 et
411 780 511 834 poni
546 788 735 836 possunt,
765 789 914 838 praeter
945 785 1120 826 minium
1150 792 1192 826 et
1225 800 1414 827 cerosam
1448 790 1490 826 et
1521 783 1693 834 carmin,
1714 782 1789 839 qui

334 846 446 887 claro
466 848 533 888 ovi
565 850 723 890 terendi
755 855 797 891 et
832 852 1016 906 ponendi
1046 858 1157 894 sunt.
1217 853 1362 894 Viride
1393 851 1667 907 Hispanicum
1700 865 1786 891 non

334 912 560 955 misceatur
590 930 692 957 suco
724 918 802 958 sub
832 918 1007 973 glutine,
1026 920 1100 960 sed
1131 934 1204 976 per
1236 934 1280 961 se
1311 934 1407 961 cum
1438 919 1597 975 gummi
1628 918 1790 974 glutine

334 986 526 1035 ponatur.
586 982 711 1025 Aliud
732 999 830 1027 vero
851 985 1025 1027 miscere
1046 993 1183 1042 potes,
1201 987 1236 1028 si
1256 987 1451 1029 volueris.

689 1308 993 1370 CAPUT
1073 1308 1425 1370 XXV1H4

565 1458 785 1490 QUOTIENS
811 1459 949 1485 IIDEM
980 1457 1176 1486 COLORES
1203 1457 1406 1486 PONENDI
1438 1457 1555 1484 SINT.

442 1559 611 1601 MNES
642 1562 815 1614 colores,
837 1562 924 1603 sive
946 1563 1037 1603 oleo
1068 1562 1153 1603 sive
1181 1561 1340 1617 gummi
1361 1560 1495 1617 tritos,
1515 1560 1558 1600 in
1579 1559 1693 1615 ligno
1724 1565 1791 1600 ter

458 1628 586 1669 debes
622 1643 789 1684 ponere,
811 1635 853 1671 et
884 1630 1046 1685 pictura
1075 1629 1260 1685 perfecta
1289 1634 1415 1685 atque
1445 1628 1614 1679 siccata,
1644 1627 1785 1668 delato

333 1710 458 1751 opere
478 1696 533 1736 ad
555 1696 699 1747 solem,
721 1697 943 1752 diligenter
962 1697 1081 1739 linies
1110 1697 1268 1753 glutine
1290 1697 1508 1747 vernition,
1531 1701 1574 1736 et
1594 1710 1689 1736 cum
1711 1695 1785 1736 de-

331 1762 461 1804 fluere
481 1764 653 1819 coeperit
673 1778 698 1804 a
718 1765 870 1816 calore,
893 1765 1038 1806 leniter
1061 1779 1189 1806 manu
1220 1763 1402 1815 fricabis‚
1424 1770 1552 1820 atque
1572 1762 1694 1804 tertio
1725 1762 1785 1803 sic

334 1830 474 1882 facies,
496 1837 538 1872 et
558 1838 656 1873 tunc
678 1832 767 1873 sine
787 1832 922 1874 donec
944 1833 1112 1889 penitus
1132 1832 1377 1874 exsiccetur.

748 2145 1054 2208 CAPUT
1116 2145 1371 2208 XXIX.

756 2295 816 2321 DE
847 2294 1042 2323 PICTURA
1072 2293 1404 2322 TRANSLUCIDA.

336 2397 494 2496 FIT
514 2397 640 2438 etiam
660 2397 823 2453 pictura
841 2396 884 2437 in
904 2396 1035 2452 ligno,
1046 2411 1140 2452 quae
1156 2396 1306 2437 dicitur
1321 2395 1590 2446 translucida,
1611 2400 1654 2437 et
1673 2397 1785 2451 apud

435 2463 641 2520 quosdam
673 2468 850 2504 vocatur
879 2463 1061 2514 aureola,
1094 2478 1221 2520 quam
1257 2464 1338 2505 hoc
1373 2464 1502 2505 modo
1541 2479 1786 2520 compones.

333 2534 450 2575 Tolle
470 2533 655 2588 petulam
672 2531 813 2587 stagni
832 2545 919 2572 non
937 2530 1099 2571 linitam
1119 2530 1279 2586 glutine
1299 2545 1376 2572 nec
1396 2531 1625 2572 coloratam
1647 2545 1785 2582 croco,

334 2602 408 2643 sed
441 2601 499 2641 ita
529 2599 762 2655 simplicem
794 2603 837 2639 et
868 2598 1087 2654 diligenter
1125 2599 1311 2654 politam,
1352 2604 1395 2640 et
1432 2599 1531 2640 inde
1570 2598 1790 2654 cooperies

333 2670 486 2719 locum,
506 2681 632 2724 quem
651 2667 712 2707 ita
731 2666 903 2722 pingere
923 2665 1116 2707 volueris.
1178 2665 1345 2707 Deinde
1363 2671 1451 2707 tere
1471 2666 1631 2707 colores
1651 2665 1788 2720 impo-

334 2736 497 2777 nendos
516 2734 830 2791 diligentissime
850 2734 943 2775 oleo
963 2733 1049 2785 lini,
1070 2747 1120 2775 ac
1140 2733 1262 2775 valde
1282 2739 1431 2775 tenues
1450 2733 1570 2775 trahe
1594 2747 1667 2776 eos
1688 2747 1788 2774 cum

334 2803 531 2859 pincello,
550 2802 691 2858 sicque
712 2801 904 2859 permitte
924 2801 1086 2842 siccari.
