1970 3202
296 220 381 261 280
771 233 1022 260 THEOPmm
1059 233 1195 260 LIBER
1227 234 1296 260 111.

295 331 495 373 formabis
515 345 619 386 opus
639 333 918 388 quodcunque
938 333 1115 374 volueris
1145 332 1187 372 in
1209 332 1369 373 electris
1389 332 1538 384 facere,
1560 333 1647 374 sive
1667 333 1745 375 cir-

297 399 426 444 culos,
449 399 535 440 sive
565 399 714 450 nodos,
737 400 822 441 sive
849 399 1081 451 flosculos¹‚
1102 399 1188 440 sive
1218 413 1331 451 aves,
1354 399 1440 440 sive
1458 398 1636 450 bestias,
1659 400 1746 440 sive

297 467 515 522 imagines,
536 472 579 507 et
599 467 810 508 ordinabis
831 467 1052 522 particulas
1078 467 1280 508 subtiliter
1300 472 1342 508 et
1362 467 1580 522 diligenter
1598 481 1747 507 unam-

298 548 508 590 quamque
528 534 570 574 in
591 548 666 574 suo
687 535 794 585 loeo,
811 540 934 589 atque
954 535 1139 575 firmabis
1159 534 1334 575 humida
1355 534 1490 575 farina
1511 548 1636 588 super
1656 548 1746 574 car-

299 601 443 643 bones.
505 600 698 656 Cumque
718 601 952 656 impleveris
971 616 1099 642 unam
1120 607 1294 657 partem,
1317 602 1515 643 solidabis
1537 616 1630 642 eam
1651 616 1747 642 cum

300 669 483 710 maxima
504 669 682 718 cautela,
704 683 756 708 ne
783 683 888 723 opus
913 669 1067 724 gracile
1089 674 1131 709 et
1151 683 1296 710 aurum
1317 669 1466 710 subtile
1487 668 1749 724 disjungatur

297 742 370 777 aut
387 735 587 791 liquefiat,
609 735 750 791 sicque
771 735 834 776 bis
854 744 926 776 aut
946 744 1007 776 ter
1027 735 1167 787 facies,
1184 736 1319 777 donec
1340 736 1640 792 aliquantulum
1663 735 1748 776 sin-

297 803 405 858 gulae
426 802 636 857 particulae
656 803 909 843 adhaereant.

358 868 460 909 Hoc
487 869 614 910 modo
644 870 838 911 omnibus
865 870 1026 910 electris
1055 869 1296 923 compositis
1324 874 1366 909 et
1393 869 1579 909 solidatis
1607 869 1750 923 accipe

301 935 444 977 omnia
465 950 618 991 genera
638 936 744 988 vitri,
767 937 881 992 quod
902 937 956 977 ad
976 937 1057 977 hoc
1078 951 1183 991 opus
1204 935 1422 990 aptaveris,
1444 941 1486 976 et
1505 936 1557 976 de
1578 935 1750 990 singulis

301 1002 486 1057 partibus
508 1017 681 1058 parvum
703 1004 900 1059 frangens
922 1004 1080 1044 colloca
1101 1017 1247 1044 omnes
1263 1002 1465 1042 fracturas
1485 1002 1607 1042 simul
1629 1016 1752 1056 super

301 1084 430 1110 unam
447 1076 608 1125 partem
625 1071 753 1126 cupri,
768 1085 1108 1127 unamquamque
1129 1076 1290 1125 partem
1312 1083 1384 1124 per
1400 1083 1467 1120 se,
1499 1069 1752 1124 mittensque

301 1137 344 1176 in
365 1137 506 1192 ignem
527 1152 733 1193 compone
753 1138 958 1179 carbones
978 1138 1021 1178 in
1038 1137 1209 1178 circuitu
1225 1142 1266 1177 et
1286 1136 1477 1191 desuper,
1496 1136 1752 1191 sufflansque

302 1204 521 1259 diligenter
541 1206 820 1246 considerabis
841 1205 876 1246 si
895 1205 1107 1261 aequaliter
1126 1204 1368 1259 liquefiant:
1400 1203 1435 1244 si
1465 1203 1537 1254 sic,
1560 1203 1752 1244 omnibus

301 1277 439 1324 utere,
473 1272 506 1312 si
527 1287 626 1313 vero
655 1273 795 1328 aliqua
822 1272 1024 1328 particula
1044 1278 1108 1313 est
1128 1271 1282 1321 durior,
1305 1269 1566 1325 singulariter
1586 1284 1752 1325 repone.

302 1339 608 1395 Accipiensque
642 1340 827 1395 singulas
863 1345 1001 1395 partes
1036 1338 1217 1394 probati²
1246 1338 1353 1389 vitri,
1386 1337 1502 1378 mitte
1536 1337 1579 1377 in
1612 1337 1753 1393 ignem

302 1406 560 1461 singillatim,
579 1412 620 1447 et
641 1421 737 1447 cum
759 1407 986 1457 canduerit,
1002 1406 1140 1462 proice
1161 1406 1204 1445 in
1221 1420 1295 1446 vas
1316 1419 1514 1460 cupreum
1535 1404 1579 1444 in
1598 1419 1680 1460 quo
1702 1404 1756 1445 sit

305 1488 429 1529 aqua,
451 1479 493 1514 et
520 1474 658 1514 statim
690 1474 842 1515 resiliet
868 1474 1118 1525 minutatim,
1139 1473 1254 1529 quod
1278 1488 1378 1513 mox
1398 1472 1636 1527 confringas
1657 1485 1755 1512 cum

305 1541 484 1582 rotundo
505 1542 656 1582 malleo
681 1542 815 1582 donec
845 1541 994 1582 subtile
1015 1542 1104 1592 fiat,
1127 1541 1270 1596 sicque
1296 1540 1456 1581 lavabis
1484 1545 1527 1580 et
1552 1553 1682 1593 pones
1711 1538 1755 1579 in

303 1609 510 1651 concham
530 1609 744 1659 mundam,
766 1616 892 1665 atque
913 1609 1126 1664 cooperies
1150 1622 1289 1663 panno
1310 1608 1433 1648 lineo.
1495 1606 1597 1646 Hoc
1627 1605 1755 1646 modo

304 1676 490 1731 singulos
512 1677 670 1717 colores
690 1677 900 1732 dispones.
962 1675 1060 1724 Quo
1082 1676 1194 1716 facto
1214 1675 1314 1715 tolle
1339 1689 1465 1715 unam
1486 1678 1648 1729 partem
1667 1672 1757 1713 auri

304 1744 482 1795 solidati,
514 1749 556 1784 et
590 1759 712 1799 super
747 1744 934 1784 tabulam
971 1743 1173 1799 aequalem
1203 1741 1435 1783 adhaerebis
1465 1756 1562 1782 cum
1591 1754 1686 1781 cera
1711 1740 1756 1781 in

303 1812 468 1852 duobus
500 1812 617 1862 locis,
651 1812 945 1867 accipiensque
980 1826 1162 1866 pennam
1198 1810 1354 1850 anseris
1388 1809 1562 1849 incisam
1603 1808 1756 1863 gracile

304 1879 411 1919 sicut
429 1879 484 1919 ad
507 1879 787 1930 scribendum,
810 1880 883 1920 sed
907 1879 1085 1934 longiori
1112 1884 1246 1919 rostro
1278 1883 1320 1918 et
1349 1892 1434 1918 non
1455 1877 1569 1926 fisso,
1590 1875 1756 1916 hauries

304 1956 401 1982 cum
422 1956 471 1982 ea
490 1957 621 1982 unum
649 1957 701 1983 ex
726 1943 934 1984 coloribus
955 1943 1062 1993 vitri,
1084 1943 1249 1998 qualem
1271 1940 1479 1982 volueris³.
1513 1939 1641 1988 Quod
1657 1953 1755 1980 vero

303 2009 549 2064 superfuerit
569 2024 722 2065 repone
743 2010 785 2050 in
805 2011 1022 2051 vasculum
1043 2024 1166 2051 suum
1193 2014 1235 2050 et
1265 2009 1446 2064 cooperi,
1465 2008 1610 2063 sicque
1629 2007 1757 2048 facies

305 2091 357 2118 ex
392 2076 569 2132 singulis
605 2078 826 2129 coloribus,
859 2078 994 2119 donec
1029 2091 1125 2132 pars
1160 2091 1244 2117 una
1278 2076 1498 2131 impleatur
1509 2091 1521 2127 3
1563 2075 1756 2116 auferens

305 2146 444 2185 ceram
464 2145 532 2185 cui
552 2145 786 2196 inhaeserat,
807 2159 917 2200 pone
945 2144 1080 2200 ipsam
1108 2134 1280 2199 partem'
1297 2157 1421 2198 super
1447 2142 1600 2183 sermm
1618 2148 1756 2194 tenue,

304 2213 420 2268 quod
449 2213 604 2254 habeat
633 2213 800 2254 brevem
830 2213 1023 2263 caudam,
1046 2217 1088 2252 et
1117 2211 1330 2266 cooperies
1361 2225 1457 2251 cum
1488 2210 1618 2251 altero
1648 2210 1756 2251 ferro

304 2280 420 2335 quod
452 2280 506 2320 sit
536 2294 687 2321 cavum
719 2281 763 2320 in
796 2279 1108 2321 similitudinem
1141 2279 1310 2330 vasculi,
1342 2278 1480 2334 sitque
1511 2292 1586 2333 per
1616 2278 1757 2318 omnia

304 2348 605 2389 transforatum
635 2349 800 2404 gracile,
830 2349 889 2388 ita
922 2354 969 2389 ut
1004 2347 1206 2388 foramina
1241 2347 1325 2387 sint
1359 2346 1532 2386 interius
1560 2345 1687 2400 plana
1715 2350 1758 2385 et

304 2414 465 2466 latiora,
500 2421 542 2455 et
582 2415 762 2457 exterius
801 2415 1014 2457 subtiliora
1054 2421 1096 2456 et
1134 2414 1314 2470 hispida,
1350 2418 1519 2469 propter
1553 2412 1757 2453 arcendos

350 2612 358 2630 ¹
384 2613 476 2642 “sive
490 2613 607 2651 aures,”
622 2614 659 2644 in
674 2614 747 2644 MS.
763 2614 891 2645 videtur.

348 2666 361 2684 ²
385 2666 507 2704 “auri,⁷'
521 2668 559 2697 in
574 2668 647 2698 MS.
663 2668 881 2707 interponitur.

348 2721 361 2738 ²
383 2721 465 2760 “qui
479 2721 537 2751 erit
551 2721 704 2759 humidus,
719 2726 750 2751 et
771 2731 839 2751 cum
860 2721 949 2760 longo
972 2730 1061 2760 cupro
1083 2720 1187 2760 gracili
1210 2723 1241 2749 et
1262 2719 1295 2749 in
1318 2718 1491 2749 summitate
1514 2718 1618 2749 subtili
1637 2719 1724 2748 rades
1738 2728 1757 2748 a

303 2781 399 2806 rostro
424 2786 532 2814 pennae
560 2775 712 2805 subtiliter
740 2779 771 2804 et
799 2774 939 2814 implebis
966 2771 1175 2813 quemcunque
1204 2772 1360 2804 flosculum
1387 2772 1527 2811 volueris,
1554 2776 1585 2802 et
1610 2776 1756 2811 quantum

288 2829 461 2868 ⁴volueris,”
483 2840 518 2860 ex
535 2830 643 2860 Codice
658 2829 789 2869 Guelph.
