1970 3202
297 295 379 337 338
765 309 1015 337 ‘rnnopmm
1050 309 1185 337 mmm
1216 310 1284 337 ιη,

299 424 394 451 cum
415 409 571 451 eisdem
601 409 715 451 ferris
746 410 960 465 percuties,
990 418 1036 452 ut
1068 411 1265 462 (exterius
1291 411 1499 451 eleventur
1520 408 1735 459 tractus¹).

301 477 427 527 Quod
462 493 557 519 cum
591 484 677 519 tam
709 478 780 519 diu
815 478 958 520 feceris
991 479 1125 520 donec
1155 479 1294 534 imago
1325 477 1494 519 omnino
1524 477 1736 528 formetur,

298 561 395 588 cum
416 547 532 588 ferris
552 547 736 588 fossoriis
767 553 809 588 et
837 547 1001 588 rasoriis
1021 547 1153 588 fodies
1173 546 1282 588 circa
1302 547 1444 587 oculos
1465 551 1507 587 et
1535 560 1668 595 nares,
1689 559 1736 586 os

300 620 342 655 et
361 621 543 656 mentum
567 620 609 656 et
634 629 769 665 aures,
799 614 1122 671 designabisque
1152 615 1322 670 capillos
1342 620 1384 655 et
1403 628 1548 655 omnes
1570 613 1738 654 subtiles

299 683 637 724 vestimentorum
667 688 835 734 tractus,
866 688 907 724 et
935 697 1096 739 ungues
1126 697 1323 724 manuum
1346 688 1387 724 et
1413 682 1578 739 pedum.
1640 681 1738 730 Quo

299 751 426 803 facto,
457 751 492 792 si
521 751 698 792 volueris
729 765 904 792 coronas
933 751 1162 807 imaginum
1192 766 1338 793 ornare
1368 751 1557 808 gemmis,
1587 751 1739 792 electro

299 824 425 876 atque
446 819 692 875 margaritis,
723 820 864 861 statim
894 834 1064 876 operare
1092 820 1276 876 singulas
1298 824 1438 875 partes
1459 819 1502 860 in
1522 833 1622 860 auro
1643 833 1739 860 cum

299 887 379 928 filis
400 892 441 928 et
460 887 700 939 solidatur&
722 887 828 929 sicut
848 887 1034 943 superius
1063 887 1106 928 in
1126 901 1249 943 opere
1270 886 1427 938 calicis,
1448 891 1490 927 et
1509 887 1739 943 adjungens

299 967 636 1010 unamquamque
655 954 749 996 loco
766 969 854 1006 suo,
871 955 937 996 fac
958 954 1176 1008 foramina,
1197 970 1270 1011 per
1289 970 1381 1011 quae
1401 955 1555 1011 configi
1572 955 1738 1006 debent,

298 1021 488 1062 videlicet
508 1022 587 1063 sub
607 1023 833 1078 majoribus
854 1024 1044 1079 gemmis,
1066 1029 1107 1065 et
1125 1023 1166 1063 in
1187 1038 1314 1078 cupro
1335 1023 1570 1079 aequaliter;
1601 1023 1740 1079 sicque

300 1090 519 1132 deaurabis
540 1090 727 1132 tabulam
756 1098 798 1132 et
827 1091 957 1147 polies
988 1106 1081 1133 eam
1110 1091 1152 1132 in
1182 1091 1325 1147 primis
1346 1105 1441 1132 cum
1463 1091 1542 1132 filis
1563 1106 1613 1132 ex
1635 1091 1741 1132 auri-

300 1158 415 1199 calco
437 1158 542 1200 sicut
561 1174 697 1215 supra,
719 1160 867 1201 deinde
897 1175 992 1202 cum
1023 1160 1140 1202 ferris
1161 1159 1414 1216 aequalibus;
1446 1159 1586 1215 sicque
1606 1161 1741 1201 color-

303 1226 393 1267 abis
414 1232 455 1267 et
473 1227 660 1283 configes
682 1228 770 1269 auri
801 1234 937 1284 partes
968 1243 1304 1285 unamquamque
1322 1228 1364 1268 in
1383 1242 1458 1269 suo
1479 1228 1585 1278 loeo,
1607 1227 1741 1283 impo-

299 1310 457 1352 nesque
477 1310 666 1351 gemmas
688 1302 730 1337 et
749 1297 1058 1354 circumligabis
1080 1297 1339 1353 margaritas.

359 1363 521 1405 Eodem
544 1365 684 1415 modo,
716 1365 749 1406 si
780 1366 954 1407 facultas
974 1366 1016 1406 in
1047 1366 1199 1407 censu²
1220 1364 1356 1418 fuerit,
1377 1370 1495 1420 potes
1515 1364 1558 1404 in
1579 1378 1680 1404 auro
1702 1368 1744 1404 et

302 1437 474 1488 argento
494 1432 629 1474 facere
645 1433 846 1490 imagines
864 1449 987 1490 super
1007 1434 1135 1476 libros
1156 1433 1467 1489 evangeliorum
1485 1437 1526 1473 et
1542 1431 1743 1481 missales,

301 1506 342 1541 et
364 1500 516 1542 bestias
537 1507 660 1557 atque
691 1502 873 1544 aviculas
904 1517 953 1544 ac
983 1503 1106 1544 flores
1137 1516 1258 1557 super
1282 1502 1404 1543 sellas
1425 1506 1634 1556 equestres
1654 1513 1744 1540 ma-

302 1574 516 1610 tronarum
552 1570 743 1611 exterius.
807 1570 932 1611 Fiunt
965 1571 1113 1612 eodem
1149 1571 1289 1621 modo,
1329 1569 1371 1610 in
1406 1569 1574 1625 scyphis
1610 1567 1744 1609 aureis

302 1636 389 1679 sive
416 1638 622 1694 argenties
644 1639 708 1679 vel
730 1639 926 1691 scutellis,
952 1639 994 1679 in
1021 1639 1173 1690 medio,
1194 1638 1354 1695 equites
1375 1643 1522 1679 contra
1542 1637 1745 1678 dracones

303 1705 388 1747 sive
407 1706 549 1747 leones
564 1707 628 1747 vel
650 1707 830 1764 gryphes
851 1713 1098 1763 pugnantes,
1119 1707 1259 1763 imago
1281 1706 1495 1748 Samsonis
1516 1705 1581 1746 vel
1604 1704 1744 1747 David

305 1787 378 1815 ora
392 1774 559 1815 leonum
575 1774 884 1832 confringentes
899 1792 909 1828 3
935 1776 1078 1817 leones
1094 1790 1259 1832 quoque
1273 1774 1477 1830 simplices
1493 1779 1535 1815 et
1550 1773 1745 1830 gryphes,

303 1842 414 1884 idem
444 1843 571 1884 etiam
605 1843 758 1900 singuli
791 1844 974 1901 singulas
1006 1845 1186 1900 pecudes
1220 1844 1485 1894 suffocantes,
1519 1843 1604 1884 sive
1635 1842 1743 1883 aliud

304 1911 415 1968 quod
445 1911 622 1963 libuerit,
653 1912 847 1969 quodque
877 1913 1102 1955 secundum
1134 1913 1268 1970 operis
1299 1912 1574 1969 quantitatem
1595 1911 1746 1952 decens

306 1981 370 2021 vel
392 1986 535 2037 aptum
557 1981 691 2022 fuerit.

669 2349 970 2413 CAPUT
1046 2350 1371 2414 LXXIX.

566 2496 626 2523 DE
657 2495 904 2523 PURGANDA
935 2495 1138 2528 ANTIQUA
1170 2496 1490 2525 DEAURATURA.

409 2596 562 2639 OLLE
593 2597 773 2653 smigma
803 2602 844 2638 et
873 2611 981 2652 pone
1010 2596 1052 2637 in
1082 2596 1213 2651 pelve,
1245 2596 1329 2638 sive
1358 2596 1440 2638 alio
1459 2612 1556 2640 vase
1577 2599 1748 2649 mundo,

436 2665 737 2722 superfundens
769 2665 806 2706 ei
837 2679 988 2721 aquam
1019 2664 1216 2705 mundam
1249 2671 1374 2721 atque
1395 2665 1613 2722 diligenter
1632 2681 1748 2708 com-

309 2735 436 2776 misce
456 2749 588 2791 usque
609 2734 662 2775 sit
682 2734 860 2790 spissum
892 2738 939 2774 ut
968 2733 1050 2783 fex,
1071 2733 1128 2774 ita
1152 2741 1200 2774 ut
1224 2734 1474 2791 ubicumque
1495 2750 1750 2792 superpona-

309 2809 376 2844 tur
396 2817 480 2844 non
500 2803 632 2858 possit
651 2802 789 2844 fluere.
853 2802 1017 2843 Deinde
1047 2816 1142 2842 cum
1164 2801 1261 2843 setis
1291 2803 1405 2858 porci
1426 2803 1542 2845 linies
1561 2803 1670 2845 hanc
1691 2804 1752 2845 di·

441 2893 448 2911 ¹
474 2895 588 2924 lacuna
603 2899 652 2930 est,
668 2894 703 2923 in
722 2894 794 2924 Cod.
813 2893 906 2923 Harl.
922 2893 957 2923 in
973 2893 1024 2923 hoc
1040 2894 1102 2923 loco
1113 2905 1122 2922 .·
1146 2893 1339 2933 implevimus
1353 2905 1388 2924 esc
1406 2895 1478 2925 canl.
1497 2895 1625 2935 Guelpk.

438 2947 449 2965 ¹
466 2946 527 2978 ’ἐπιδ
544 2949 564 2964 “
576 2948 693 2978 sensu.”
