1970 3202
325 240 410 281 282
793 252 1047 280 THEoPmLI
1079 251 1217 279 numa
1247 253 1316 279 111.

324 350 495 402 cineres,
520 350 554 392 si
579 351 685 392 forte
714 351 1085 407 superceciderint3
1117 351 1355 407 habeatque
1384 351 1521 406 ipsum
1548 352 1701 393 ferrum
1730 353 1770 393 in

324 417 463 459 medio
493 418 680 474 superius
696 413 880 468 ‘brevem
909 418 1124 468 annulum,
1155 432 1251 459 cum
1281 432 1364 474 quo
1398 425 1702 474 superponatur
1732 425 1774 461 et

324 485 519 527 elevetur.
580 485 677 534 Quo
709 486 821 528 facto
857 500 1063 541 compone
1098 486 1301 527 carbones
1332 500 1508 542 magnos
1539 492 1581 527 et
1608 487 1772 542 longos,

323 552 549 594 incendens
569 554 660 594 illos
677 554 821 605 valde3
853 553 959 594 inter
978 568 1083 609 quos
1105 553 1231 594 facies
1247 554 1386 594 locum
1408 559 1449 594 et
1468 553 1654 610 aequabis
1676 568 1772 595 cum

322 619 462 676 ligneo
497 621 660 673 malleo,
695 621 739 661 in
773 635 898 676 quem
938 621 1123 662 elevatur
1163 620 1312 661 ferrum
1355 635 1429 676 per
1463 621 1640 662 caudam
1676 636 1772 662 cum

323 687 504 743 forcipe;
535 688 593 728 ita
613 693 660 729 ut
675 693 918 743 coopertum
935 687 1160 728 collocabis
1176 687 1410 743 diligenter,
1427 694 1554 744 atque
1569 688 1773 729 carbones

322 754 366 794 in
390 754 606 795 circuitum
633 768 860 809 compones
888 759 930 795 et
955 769 1117 795 sursum
1146 769 1198 795 ex
1225 755 1341 795 omni
1367 761 1497 810 parte,
1518 760 1774 811 acceptoque

323 822 420 863 folle
458 821 644 877 utrisque
688 820 882 861 manibus
928 821 1112 877 undique
1160 822 1345 863 sufflabis
1393 823 1527 864 donec
1571 823 1773 864 carbones

323 888 534 944 aequaliter
553 888 740 929 ardeant.
801 887 972 929 Habeas
992 887 1119 929 etiam
1139 889 1250 929 alam
1269 889 1475 944 integram
1496 891 1664 941 anseris,
1685 890 1774 931 sive

322 955 490 996 alterius
511 955 599 996 avis
621 969 798 1010 magnae,
817 969 910 1010 quae
930 955 984 996 sit
1004 961 1176 997 extensa
1196 961 1238 997 et
1257 956 1373 1012 ligno
1392 957 1545 1012 ligata3
1577 972 1673 998 cum
1689 972 1773 1013 qua

322 1023 540 1064 ventilabis
572 1027 615 1064 et
644 1022 767 1063 flabis
798 1022 959 1063 fortiter
988 1037 1040 1064 ex
1076 1023 1190 1064 omni
1223 1029 1352 1078 parte,
1383 1024 1517 1065 donec
1548 1024 1773 1080 perspicias

321 1091 430 1132 inter
462 1091 665 1132 carbones
696 1096 744 1132 ut
775 1090 982 1132 foramina
1015 1091 1112 1132 ferri
1142 1091 1313 1133 interius
1348 1092 1519 1133 omnino
1551 1093 1771 1143 candeant,

322 1158 465 1215 sicque
498 1158 600 1200 flare
635 1158 832 1200 cessabis.
894 1158 1135 1214 Expectans
1170 1173 1268 1200 vero
1302 1160 1422 1215 quasi
1457 1159 1630 1201 dimidia
1669 1160 1773 1201 hora

322 1226 599 1281 discooperies
630 1225 830 1281 paulatim
865 1226 1001 1267 donec
1035 1240 1180 1267 omnes
1216 1226 1419 1267 carbones
1450 1241 1660 1278 amoveas,
1682 1241 1772 1267 rur-

322 1308 497 1350 sumque
526 1293 770 1349 expectabis
797 1294 933 1335 donec
960 1293 1165 1334 foramina
1194 1293 1290 1334 ferri
1319 1293 1488 1334 interius
1518 1293 1772 1349 nigrescant,

323 1361 464 1417 sicque
484 1361 652 1402 elevans
673 1361 827 1402 sermm
855 1375 928 1416 per
954 1361 1146 1412 caudam,
1168 1361 1228 1401 ita
1248 1366 1491 1416 coopertum
1511 1374 1641 1415 pones
1662 1362 1770 1401 retro

323 1429 536 1469 fornacem
565 1428 608 1468 in
638 1428 793 1483 angulo
824 1428 958 1469 donec
991 1428 1163 1469 omnino
1194 1427 1391 1483 frigidum
1422 1428 1509 1468 fiat.
1568 1427 1771 1482 Aperiens

323 1510 421 1536 vero
441 1495 561 1535 tolles
586 1495 787 1536 electrum
817 1500 860 1536 et
887 1495 1060 1546 lavabis,
1082 1510 1330 1551 rursumque
1349 1494 1540 1550 implebis
1561 1500 1603 1535 et
1622 1494 1772 1534 fundes

322 1562 429 1603 sicut
462 1562 588 1618 prius,
625 1562 766 1618 sicque
801 1562 929 1603 facies
964 1563 1099 1604 donec
1138 1563 1411 1618 liquefactum
1450 1561 1666 1617 aequaliter
1700 1575 1772 1616 per

322 1630 463 1670 omnia
482 1630 652 1685 plenum
674 1630 738 1671 sit.
800 1630 896 1671 Hoc
918 1630 1045 1671 modo
1065 1629 1243 1686 reliquas
1265 1636 1404 1685 partes
1424 1643 1664 1685 compones.

790 2109 1096 2172 CAPUT
1164 2107 1301 2171 LV.

762 2277 823 2304 DE
853 2276 1081 2305 POLIENDO
1113 2276 1329 2304 ELECTRO.

430 2395 514 2437 UO
555 2396 681 2448 facto,
716 2395 815 2436 tolle
850 2400 1011 2451 partem
1044 2410 1148 2436 cerae
1180 2395 1235 2436 ad
1266 2394 1572 2450 longitudinem
1610 2394 1771 2436 dimidii

456 2465 632 2520 pollicis,
653 2465 697 2504 in
725 2478 854 2520 quam
875 2463 1039 2519 aptabis
1069 2464 1268 2504 electrum
1289 2463 1361 2513 ita,
1381 2469 1428 2503 ut
1457 2477 1552 2504 cera
1573 2477 1625 2504 ex
1656 2463 1772 2504 omni

320 2538 438 2588 parte
475 2533 542 2583 sit,
571 2546 644 2587 per
675 2546 802 2588 quam
834 2545 973 2572 ceram
1007 2529 1204 2571 tenebis¹.
1267 2529 1435 2571 Deinde
1470 2544 1593 2585 super
1623 2530 1772 2571 duram

321 2605 458 2640 cotem
479 2605 522 2640 et
541 2600 746 2656 aequalem
781 2599 949 2640 fricabis
969 2597 1200 2639 diutissime
1231 2596 1366 2637 donec
1396 2597 1628 2638 claritatem
1660 2597 1772 2637 acci-

364 2709 374 2727 ¹
397 2714 418 2728 “
432 2715 463 2741 et
489 2711 611 2743 fricabis
625 2712 725 2752 ipsum
747 2711 891 2742 electrum
918 2719 1007 2750 super
1020 2709 1153 2749 lapidem
1172 2708 1329 2739 sabuleum
1353 2708 1500 2747 aequalem
1521 2709 1684 2750 diligenter
1703 2719 1771 2740 cum

319 2773 408 2803 aqua,
424 2765 518 2796 donec
532 2776 639 2797 aurum
654 2765 812 2806 aequaliter
824 2768 969 2805 appareat
982 2773 1036 2804 per
1049 2761 1179 2801 omnia‚'’
1194 2772 1229 2794 ex
1246 2763 1320 2794 C'od.
1340 2761 1469 2803 Guelpk.
