1970 3202
227 257 311 297 252
697 275 950 303 'rnnopfflm
983 277 1119 304 mmm
1149 277 1219 304 111.

226 370 316 424 ejus
346 370 446 412 lima
466 378 508 412 et
529 374 629 414 rade
660 375 883 416 rotundam
904 383 944 417 et
965 376 1226 432 aliquantum
1255 382 1439 427 tenuem,
1461 390 1589 432 quam
1610 376 1680 416 fri-

225 437 341 478 cabis
377 438 472 480 vivo
493 447 668 496 argento
701 443 836 484 donec
869 444 965 484 alba
985 445 1073 494 fiat,
1094 451 1141 485 ut
1172 443 1269 484 inde
1299 443 1435 499 possis
1466 443 1678 484 deaurare.

228 503 387 546 Postea
407 505 534 548 facies
556 509 864 552 confectionem
885 511 939 552 ad
959 511 1235 553 invivandum
1266 525 1370 566 epus
1391 510 1679 552 deaurandum

225 586 306 627 que
326 572 408 615 hoc
428 574 570 617 modo.

561 975 862 1038 CAPUT
943 975 1356 1038 XXXVIII.

422 1141 482 1168 DE
512 1141 782 1169 INVIVANDIS
814 1141 870 1170 ΕΤ
899 1141 1198 1169 DEAURANDIS
1227 1142 1485 1170 AURICULIS.

306 1255 443 1296 UME
465 1255 550 1296 vini
568 1255 764 1310 lapidem,
779 1255 832 1296 de
848 1270 931 1312 quo
949 1269 1076 1311 supra
1089 1255 1286 1307 diximus,
1300 1262 1342 1298 et
1354 1262 1440 1298 tere
1459 1257 1678 1313 diligenter

333 1337 456 1378 super
476 1322 657 1378 lapidem
673 1323 844 1374 siccum,
861 1323 1076 1379 addesque
1092 1323 1129 1364 ei
1151 1324 1315 1364 tertiam
1337 1330 1498 1379 partem
1511 1325 1623 1377 salis,
1635 1332 1678 1367 et

222 1389 341 1431 mitte
356 1390 398 1430 in
419 1395 573 1431 testam
591 1391 684 1431 ollae
700 1405 913 1446 capacem,
930 1391 1156 1432 infundens
1170 1407 1250 1447 que
1268 1392 1304 1432 ei
1318 1406 1472 1447 aquam
1489 1392 1616 1442 illam,
1633 1393 1676 1433 in

222 1472 350 1513 quam
366 1458 576 1513 projecisti
590 1473 737 1499 aurum
752 1459 915 1500 noviter
931 1459 1137 1510 molitum,
1159 1468 1285 1515 atque
1301 1459 1522 1514 imponens
1539 1460 1676 1501 modi-

222 1541 318 1567 cum
327 1526 409 1567 vivi
423 1526 597 1581 argenti,
608 1526 725 1567 mitte
737 1541 861 1582 super
869 1527 1073 1568 carbones
1087 1527 1222 1567 donec
1236 1527 1420 1568 calidum
1435 1528 1521 1579 fiat,
1531 1534 1675 1569 etcum

221 1594 336 1650 ligno
353 1609 586 1636 commove.
647 1594 819 1635 Habeas
841 1594 966 1635 etiam
985 1600 1094 1635 setas
1117 1594 1231 1649 porci
1253 1594 1533 1649 grossitudine
1550 1595 1675 1636 trium

222 1661 449 1716 digitorum
469 1668 542 1702 aut
561 1668 755 1717 quatuor,
778 1662 886 1703 ferro
916 1661 1134 1717 colligatas
1154 1661 1197 1702 in
1228 1662 1380 1714 medio,
1401 1662 1507 1703 duas
1537 1669 1676 1718 partes

222 1729 415 1779 mundas,
437 1743 534 1769 cum
554 1728 705 1785 quibus
726 1729 885 1770 lavabis
907 1744 1053 1770 aurum
1073 1735 1116 1770 et
1136 1734 1370 1785 argentum,
1391 1735 1434 1770 et
1452 1730 1558 1771 duas
1578 1745 1674 1771 cum

221 1796 371 1852 quibus
401 1796 635 1847 deaurabis,
658 1811 785 1837 unam
816 1796 970 1838 siccam
992 1798 1164 1838 alteram
1195 1797 1424 1838 humidam.
1485 1797 1565 1839 His
1585 1813 1676 1839 om-

221 1864 344 1905 nibus
379 1863 461 1905 hoc
493 1864 638 1905 ordine
668 1864 927 1920 compositis,
943 1865 1102 1920 accipe
1134 1864 1339 1906 auriculas
1371 1871 1591 1920 argenteas
1621 1866 1674 1907 ad

221 1938 450 1983 manus,·et
482 1932 751 1986 panniculum
783 1932 937 1973 lineum
971 1933 1269 1989 complicatum
1289 1932 1404 1988 tinge
1434 1933 1477 1973 in
1509 1934 1675 1976 confec-

220 1998 378 2040 tionem
409 1998 603 2051 calidam,
625 2015 722 2041 cum
752 2015 836 2056 quo
858 2000 1025 2042 fricabis
1052 2000 1194 2042 omnia
1223 2001 1329 2052 loca,
1351 2015 1445 2057 quae
1474 2001 1674 2044 deaurare

220 2066 400 2108 volueris
421 2066 463 2108 in
485 2067 557 2109 eis.
618 2067 813 2125 Cumque
842 2068 1027 2109 invivare
1057 2067 1251 2119 volueris,
1272 2068 1429 2109 calefac
1459 2082 1531 2109 eas
1552 2084 1676 2126 super

220 2135 423 2176 carbones
443 2141 486 2176 et
505 2150 602 2176 cum
623 2136 722 2177 setis
743 2136 833 2192 ipsa
863 2135 1124 2177 confectione
1145 2134 1327 2177 humidis
1348 2135 1449 2176 frica
1479 2135 1570 2177 illas
1590 2136 1673 2178 for-

220 2203 327 2254 titer,
348 2203 483 2244 donec
505 2218 653 2244 omnes
674 2204 851 2245 fossurae
878 2203 974 2245 vivo
995 2208 1171 2259 argento
1192 2204 1296 2244 fiant
1325 2202 1445 2254 albae,
1466 2202 1673 2244 interdum

219 2271 505 2312 calefaciendo
519 2276 561 2311 et
573 2271 780 2312 interdum
797 2271 999 2322 fricando,
1017 2278 1059 2312 et
1071 2270 1140 2311 ubi
1153 2285 1250 2312 cum
1270 2269 1370 2311 setis
1382 2285 1467 2311 non
1486 2271 1674 2326 potueris

218 2337 468 2394 pertingere,
502 2352 598 2379 cum
631 2353 761 2394 cupro
793 2338 1059 2379 deauratorio
1095 2344 1138 2379 et
1172 2338 1286 2394 ligno
1317 2337 1462 2393 gracili
1490 2337 1672 2390 fricabis,

220 2405 374 2447 faciens
394 2405 476 2447 hoc
497 2420 621 2461 super
641 2405 873 2447 scultellam
894 2405 1202 2446 deauratoriam
1222 2404 1419 2461 ligneam,
1433 2419 1528 2460 quae
1549 2405 1602 2445 sit
1617 2405 1669 2445 ad

218 2473 429 2515 modicum
461 2487 566 2529 opus
597 2472 817 2524 tOrnatilis,
838 2486 986 2528 capax,
1008 2479 1050 2514 et
1079 2472 1134 2513 ad
1149 2486 1350 2528 magnum
1372 2472 1545 2527 quadra,
1567 2486 1671 2513 cava

217 2548 260 2582 et
279 2540 463 2598 aequalis.
527 2540 693 2582 Deinde
724 2555 848 2596 super
868 2540 1002 2597 ipsam
1023 2539 1253 2581 scultellam
1283 2538 1420 2580 incide
1450 2539 1671 2581 deauratu-

218 2624 309 2651 ram
330 2608 566 2650 minutatim
587 2623 684 2649 cum
717 2608 898 2659 cultello,
919 2613 962 2648 et
982 2621 1079 2648 cum
1111 2621 1241 2662 cupro
1262 2606 1525 2648 deauratorio
1559 2621 1671 2662 pone

217 2677 437 2733 diligenter
468 2691 542 2732 per
563 2676 717 2727 omnia,
740 2681 782 2716 et
813 2674 996 2716 humidis
1018 2673 1117 2715 setis
1150 2687 1284 2730 aequa,
1306 2680 1433 2730 atque
1465 2689 1561 2715 cum
1583 2674 1668 2715 for-

218 2745 309 2800 cipe
329 2745 457 2800 longo
479 2749 522 2784 et
553 2742 697 2798 gracili
718 2742 761 2783 in
795 2741 990 2783 anteriori
1017 2747 1135 2797 parte
1156 2741 1321 2782 duobus
1351 2741 1585 2797 panniculis
1605 2741 1668 2781 in-

218 2814 360 2855 voluto
380 2811 550 2864 levabis,
573 2817 614 2852 et
633 2826 765 2866 pones
787 2825 911 2866 super
932 2810 1134 2851 carbones
1156 2809 1290 2851 donec
1310 2810 1488 2861 calefiat,
1510 2815 1552 2851 et
1571 2809 1669 2862 setis

1968 2033 1970 2038 .
1955 2022 1957 2024 ’
1957 2007 1970 2014 ”.
1955 1695 1970 1999 ἰκάυ-ὼῃάοι--ι-ιὰ-η..
