<?xml version="1.0" encoding="UTF-8"?>
<!DOCTYPE html PUBLIC "-//W3C//DTD XHTML 1.0 Transitional//EN"
    "http://www.w3.org/TR/xhtml1/DTD/xhtml1-transitional.dtd">
<html xmlns="http://www.w3.org/1999/xhtml" xml:lang="en" lang="en">
 <head>
  <title>
</title>
<meta http-equiv="Content-Type" content="text/html;charset=utf-8" />
  <meta name='ocr-system' content='tesseract 3.04.00' />
  <meta name='ocr-capabilities' content='ocr_page ocr_carea ocr_par ocr_line ocrx_word'/>
</head>
<body>
  <div class='ocr_page' id='page_1' title='image "./theophiliquietru00theouoft_0320.png"; bbox 0 0 1970 3202; ppageno 0'>
   <div class='ocr_carea' id='block_1_1' title="bbox 269 241 1273 285">
    <p class='ocr_par' dir='ltr' id='par_1_1' title="bbox 269 241 1273 285">
     <span class='ocr_line' id='line_1_1' title="bbox 269 241 1273 285; baseline 0.004 -5"><span class='ocrx_word' id='word_1_1' title='bbox 269 241 354 281; x_wconf 85' lang='lat'>250</span> <span class='ocrx_word' id='word_1_2' title='bbox 727 255 999 285; x_wconf 50' lang='lat' dir='ltr'>mulionum</span> <span class='ocrx_word' id='word_1_3' title='bbox 1033 255 1171 284; x_wconf 70' lang='lat' dir='ltr'>mmm</span> <span class='ocrx_word' id='word_1_4' title='bbox 1203 257 1273 284; x_wconf 91' lang='lat'>111.</span> 
     </span>
    </p>
   </div>
   <div class='ocr_carea' id='block_1_2' title="bbox 267 353 1725 1157">
    <p class='ocr_par' dir='ltr' id='par_1_2' title="bbox 267 353 1725 1157">
     <span class='ocr_line' id='line_1_2' title="bbox 267 353 1719 413; baseline 0.004 -22"><span class='ocrx_word' id='word_1_5' title='bbox 267 353 385 393; x_wconf 88' lang='lat' dir='ltr'>mitte</span> <span class='ocrx_word' id='word_1_6' title='bbox 405 354 596 396; x_wconf 88' lang='lat' dir='ltr'>sabulum</span> <span class='ocrx_word' id='word_1_7' title='bbox 618 370 714 397; x_wconf 90' lang='lat' dir='ltr'>cum</span> <span class='ocrx_word' id='word_1_8' title='bbox 735 370 858 413; x_wconf 91' lang='lat' dir='ltr'>aqua.</span> <span class='ocrx_word' id='word_1_9' title='bbox 919 356 1111 412; x_wconf 88' lang='lat' dir='ltr'>Cumque</span> <span class='ocrx_word' id='word_1_10' title='bbox 1142 355 1318 411; x_wconf 86' lang='lat' dir='ltr'>girando</span> <span class='ocrx_word' id='word_1_11' title='bbox 1349 361 1391 396; x_wconf 90' lang='lat' dir='ltr'>et</span> <span class='ocrx_word' id='word_1_12' title='bbox 1418 355 1637 410; x_wconf 74' lang='lat' dir='ltr'>regii-ando</span> <span class='ocrx_word' id='word_1_13' title='bbox 1658 356 1719 412; x_wconf 85' lang='lat' dir='ltr'>ip-</span> 
     </span>
     <span class='ocr_line' id='line_1_3' title="bbox 268 421 1719 480; baseline 0.003 -20"><span class='ocrx_word' id='word_1_14' title='bbox 268 434 361 460; x_wconf 91' lang='lat' dir='ltr'>sum</span> <span class='ocrx_word' id='word_1_15' title='bbox 391 421 584 464; x_wconf 90' lang='lat' dir='ltr'>sabulum</span> <span class='ocrx_word' id='word_1_16' title='bbox 614 423 787 479; x_wconf 85' lang='lat' dir='ltr'>coeperit</span> <span class='ocrx_word' id='word_1_17' title='bbox 816 424 985 466; x_wconf 84' lang='lat' dir='ltr'>ebullire</span> <span class='ocrx_word' id='word_1_18' title='bbox 1016 430 1057 465; x_wconf 90' lang='lat' dir='ltr'>et</span> <span class='ocrx_word' id='word_1_19' title='bbox 1086 439 1159 480; x_wconf 88' lang='lat' dir='ltr'>per</span> <span class='ocrx_word' id='word_1_20' title='bbox 1188 424 1370 480; x_wconf 84' lang='lat' dir='ltr'>lapidem</span> <span class='ocrx_word' id='word_1_21' title='bbox 1401 423 1592 475; x_wconf 86' lang='lat' dir='ltr'>diffundi,</span> <span class='ocrx_word' id='word_1_22' title='bbox 1623 438 1719 465; x_wconf 90' lang='lat' dir='ltr'>cum</span> 
     </span>
     <span class='ocr_line' id='line_1_4' title="bbox 268 486 1721 547; baseline 0.003 -21"><span class='ocrx_word' id='word_1_23' title='bbox 268 486 382 542; x_wconf 92' lang='lat' dir='ltr'>ligno</span> <span class='ocrx_word' id='word_1_24' title='bbox 413 490 559 544; x_wconf 83' lang='lat' dir='ltr'>gracili</span> <span class='ocrx_word' id='word_1_25' title='bbox 588 491 716 547; x_wconf 87' lang='lat' dir='ltr'>longo</span> <span class='ocrx_word' id='word_1_26' title='bbox 747 498 789 533; x_wconf 89' lang='lat' dir='ltr'>et</span> <span class='ocrx_word' id='word_1_27' title='bbox 818 498 951 534; x_wconf 89' lang='lat' dir='ltr'>tenue·</span> <span class='ocrx_word' id='word_1_28' title='bbox 975 491 1170 547; x_wconf 84' lang='lat' dir='ltr'>recollige</span> <span class='ocrx_word' id='word_1_29' title='bbox 1200 506 1364 547; x_wconf 86' lang='lat' dir='ltr'>semper</span> <span class='ocrx_word' id='word_1_30' title='bbox 1393 496 1435 532; x_wconf 93' lang='lat' dir='ltr'>et</span> <span class='ocrx_word' id='word_1_31' title='bbox 1464 491 1504 531; x_wconf 92' lang='lat' dir='ltr'>in</span> <span class='ocrx_word' id='word_1_32' title='bbox 1531 491 1721 532; x_wconf 86' lang='lat' dir='ltr'>foramen</span> 
     </span>
     <span class='ocr_line' id='line_1_5' title="bbox 268 558 1721 615; baseline 0.003 -20"><span class='ocrx_word' id='word_1_33' title='bbox 268 569 438 610; x_wconf 84' lang='lat' dir='ltr'>repone,</span> <span class='ocrx_word' id='word_1_34' title='bbox 479 572 531 598; x_wconf 90' lang='lat' dir='ltr'>ne</span> <span class='ocrx_word' id='word_1_35' title='bbox 571 558 679 600; x_wconf 88' lang='lat' dir='ltr'>forte</span> <span class='ocrx_word' id='word_1_36' title='bbox 710 573 857 600; x_wconf 89' lang='lat' dir='ltr'>aurum</span> <span class='ocrx_word' id='word_1_37' title='bbox 893 574 990 601; x_wconf 91' lang='lat' dir='ltr'>cum</span> <span class='ocrx_word' id='word_1_38' title='bbox 1023 560 1170 601; x_wconf 90' lang='lat' dir='ltr'>sabulo</span> <span class='ocrx_word' id='word_1_39' title='bbox 1213 565 1406 615; x_wconf 77' lang='lat' dir='ltr'>egeratur</span> <span class='ocrx_word' id='word_1_40' title='bbox 1438 565 1480 600; x_wconf 90' lang='lat' dir='ltr'>et</span> <span class='ocrx_word' id='word_1_41' title='bbox 1511 574 1598 600; x_wconf 93' lang='lat' dir='ltr'>non</span> <span class='ocrx_word' id='word_1_42' title='bbox 1631 573 1721 600; x_wconf 92' lang='lat' dir='ltr'>mo-</span> 
     </span>
     <span class='ocr_line' id='line_1_6' title="bbox 269 623 1722 682; baseline 0.003 -19"><span class='ocrx_word' id='word_1_43' title='bbox 269 623 389 665; x_wconf 90' lang='lat' dir='ltr'>latur.</span> <span class='ocrx_word' id='word_1_44' title='bbox 450 625 578 673; x_wconf 85' lang='lat' dir='ltr'>Quod</span> <span class='ocrx_word' id='word_1_45' title='bbox 599 641 695 667; x_wconf 87' lang='lat' dir='ltr'>cum</span> <span class='ocrx_word' id='word_1_46' title='bbox 725 627 901 682; x_wconf 87' lang='lat' dir='ltr'>pleniter</span> <span class='ocrx_word' id='word_1_47' title='bbox 930 627 1120 669; x_wconf 90' lang='lat' dir='ltr'>molitum</span> <span class='ocrx_word' id='word_1_48' title='bbox 1153 627 1289 679; x_wconf 86' lang='lat' dir='ltr'>fuerit,</span> <span class='ocrx_word' id='word_1_49' title='bbox 1310 627 1481 668; x_wconf 85' lang='lat' dir='ltr'>eiciatur</span> <span class='ocrx_word' id='word_1_50' title='bbox 1501 632 1543 668; x_wconf 90' lang='lat' dir='ltr'>et</span> <span class='ocrx_word' id='word_1_51' title='bbox 1562 627 1722 668; x_wconf 89' lang='lat' dir='ltr'>lavetur</span> 
     </span>
     <span class='ocr_line' id='line_1_7' title="bbox 269 692 1721 751; baseline 0.001 -19"><span class='ocrx_word' id='word_1_52' title='bbox 269 697 312 732; x_wconf 89' lang='lat' dir='ltr'>et</span> <span class='ocrx_word' id='word_1_53' title='bbox 331 692 509 734; x_wconf 85' lang='lat' dir='ltr'>siccetur</span> <span class='ocrx_word' id='word_1_54' title='bbox 528 699 575 734; x_wconf 93' lang='lat' dir='ltr'>ut</span> <span class='ocrx_word' id='word_1_55' title='bbox 595 708 736 749; x_wconf 88' lang='lat' dir='ltr'>supra,</span> <span class='ocrx_word' id='word_1_56' title='bbox 766 700 1031 751; x_wconf 81' lang='lat' dir='ltr'>ponaturque</span> <span class='ocrx_word' id='word_1_57' title='bbox 1053 709 1176 750; x_wconf 91' lang='lat' dir='ltr'>super</span> <span class='ocrx_word' id='word_1_58' title='bbox 1196 695 1358 736; x_wconf 89' lang='lat' dir='ltr'>libram.</span> <span class='ocrx_word' id='word_1_59' title='bbox 1420 694 1464 736; x_wconf 87' lang='lat' dir='ltr'>Si</span> <span class='ocrx_word' id='word_1_60' title='bbox 1485 709 1583 736; x_wconf 91' lang='lat' dir='ltr'>vero</span> <span class='ocrx_word' id='word_1_61' title='bbox 1604 694 1721 751; x_wconf 91' lang='lat' dir='ltr'>quic-</span> 
     </span>
     <span class='ocr_line' id='line_1_8' title="bbox 269 759 1723 818; baseline 0.003 -19"><span class='ocrx_word' id='word_1_62' title='bbox 269 773 397 814; x_wconf 88' lang='lat' dir='ltr'>quam</span> <span class='ocrx_word' id='word_1_63' title='bbox 418 759 607 812; x_wconf 90' lang='lat' dir='ltr'>defuerit,</span> <span class='ocrx_word' id='word_1_64' title='bbox 628 762 819 802; x_wconf 90' lang='lat' dir='ltr'>laventur</span> <span class='ocrx_word' id='word_1_65' title='bbox 847 763 992 803; x_wconf 91' lang='lat' dir='ltr'>sordes</span> <span class='ocrx_word' id='word_1_66' title='bbox 1019 762 1088 818; x_wconf 91' lang='lat' dir='ltr'>qui</span> <span class='ocrx_word' id='word_1_67' title='bbox 1120 763 1256 804; x_wconf 89' lang='lat' dir='ltr'>fluunt</span> <span class='ocrx_word' id='word_1_68' title='bbox 1275 763 1328 803; x_wconf 91' lang='lat' dir='ltr'>de</span> <span class='ocrx_word' id='word_1_69' title='bbox 1347 762 1499 818; x_wconf 89' lang='lat' dir='ltr'>lapide,</span> <span class='ocrx_word' id='word_1_70' title='bbox 1519 768 1561 804; x_wconf 90' lang='lat' dir='ltr'>et</span> <span class='ocrx_word' id='word_1_71' title='bbox 1581 762 1640 803; x_wconf 90' lang='lat' dir='ltr'>sic</span> <span class='ocrx_word' id='word_1_72' title='bbox 1660 762 1723 803; x_wconf 92' lang='lat' dir='ltr'>in-</span> 
     </span>
     <span class='ocr_line' id='line_1_9' title="bbox 270 827 1722 886; baseline 0.003 -20"><span class='ocrx_word' id='word_1_73' title='bbox 270 827 443 878; x_wconf 84' lang='lat' dir='ltr'>venitur,</span> <span class='ocrx_word' id='word_1_74' title='bbox 474 828 572 883; x_wconf 92' lang='lat' dir='ltr'>quia</span> <span class='ocrx_word' id='word_1_75' title='bbox 600 828 757 870; x_wconf 90' lang='lat' dir='ltr'>idcirco</span> <span class='ocrx_word' id='word_1_76' title='bbox 787 829 899 870; x_wconf 87' lang='lat' dir='ltr'>idem</span> <span class='ocrx_word' id='word_1_77' title='bbox 927 830 1032 885; x_wconf 89' lang='lat' dir='ltr'>lapis</span> <span class='ocrx_word' id='word_1_78' title='bbox 1053 830 1096 871; x_wconf 89' lang='lat' dir='ltr'>in</span> <span class='ocrx_word' id='word_1_79' title='bbox 1117 845 1215 871; x_wconf 89' lang='lat' dir='ltr'>vase</span> <span class='ocrx_word' id='word_1_80' title='bbox 1237 831 1415 886; x_wconf 87' lang='lat' dir='ltr'>ponitur.</span> <span class='ocrx_word' id='word_1_81' title='bbox 1477 829 1573 871; x_wconf 87' lang='lat' dir='ltr'>Hoc</span> <span class='ocrx_word' id='word_1_82' title='bbox 1594 830 1722 870; x_wconf 91' lang='lat' dir='ltr'>modo</span> 
     </span>
     <span class='ocr_line' id='line_1_10' title="bbox 269 894 1723 952; baseline 0.003 -19"><span class='ocrx_word' id='word_1_83' title='bbox 269 894 395 934; x_wconf 88' lang='lat' dir='ltr'>etiam</span> <span class='ocrx_word' id='word_1_84' title='bbox 416 901 638 949; x_wconf 87' lang='lat' dir='ltr'>argentum</span> <span class='ocrx_word' id='word_1_85' title='bbox 667 911 817 951; x_wconf 88' lang='lat' dir='ltr'>purum</span> <span class='ocrx_word' id='word_1_86' title='bbox 839 898 1080 938; x_wconf 87' lang='lat' dir='ltr'>tenuissime</span> <span class='ocrx_word' id='word_1_87' title='bbox 1109 912 1352 952; x_wconf 88' lang='lat' dir='ltr'>percussum</span> <span class='ocrx_word' id='word_1_88' title='bbox 1373 903 1415 938; x_wconf 88' lang='lat' dir='ltr'>et</span> <span class='ocrx_word' id='word_1_89' title='bbox 1434 897 1528 938; x_wconf 89' lang='lat' dir='ltr'>vivo</span> <span class='ocrx_word' id='word_1_90' title='bbox 1548 903 1723 952; x_wconf 90' lang='lat' dir='ltr'>argento</span> 
     </span>
     <span class='ocr_line' id='line_1_11' title="bbox 271 961 1723 1020; baseline 0.003 -20"><span class='ocrx_word' id='word_1_91' title='bbox 271 961 446 1002; x_wconf 87' lang='lat' dir='ltr'>mixtum</span> <span class='ocrx_word' id='word_1_92' title='bbox 478 963 576 1003; x_wconf 92' lang='lat' dir='ltr'>moli</span> <span class='ocrx_word' id='word_1_93' title='bbox 600 963 745 1015; x_wconf 67' lang='lat' dir='ltr'>¹debet,</span> <span class='ocrx_word' id='word_1_94' title='bbox 777 964 874 1020; x_wconf 89' lang='lat' dir='ltr'>quia</span> <span class='ocrx_word' id='word_1_95' title='bbox 904 965 946 1005; x_wconf 89' lang='lat' dir='ltr'>in</span> <span class='ocrx_word' id='word_1_96' title='bbox 977 965 1114 1006; x_wconf 86' lang='lat' dir='ltr'>calido</span> <span class='ocrx_word' id='word_1_97' title='bbox 1135 965 1305 1005; x_wconf 86' lang='lat' dir='ltr'>vasculo</span> <span class='ocrx_word' id='word_1_98' title='bbox 1336 979 1431 1005; x_wconf 91' lang='lat' dir='ltr'>cum</span> <span class='ocrx_word' id='word_1_99' title='bbox 1457 965 1594 1005; x_wconf 87' lang='lat' dir='ltr'>calido</span> <span class='ocrx_word' id='word_1_100' title='bbox 1616 964 1723 1005; x_wconf 86' lang='lat' dir='ltr'>ferro</span> 
     </span>
     <span class='ocr_line' id='line_1_12' title="bbox 270 1029 1725 1088; baseline 0.003 -20"><span class='ocrx_word' id='word_1_101' title='bbox 270 1029 369 1069; x_wconf 89' lang='lat' dir='ltr'>moli</span> <span class='ocrx_word' id='word_1_102' title='bbox 391 1044 475 1070; x_wconf 92' lang='lat' dir='ltr'>non</span> <span class='ocrx_word' id='word_1_103' title='bbox 498 1030 617 1071; x_wconf 90' lang='lat' dir='ltr'>valet.</span> <span class='ocrx_word' id='word_1_104' title='bbox 678 1030 748 1072; x_wconf 84' lang='lat' dir='ltr'>Sic</span> <span class='ocrx_word' id='word_1_105' title='bbox 769 1038 908 1073; x_wconf 86' lang='lat' dir='ltr'>autem</span> <span class='ocrx_word' id='word_1_106' title='bbox 939 1033 1259 1073; x_wconf 85' lang='lat' dir='ltr'>commisceatur</span> <span class='ocrx_word' id='word_1_107' title='bbox 1289 1038 1335 1073; x_wconf 89' lang='lat' dir='ltr'>ut</span> <span class='ocrx_word' id='word_1_108' title='bbox 1356 1032 1438 1072; x_wconf 89' lang='lat' dir='ltr'>vivi</span> <span class='ocrx_word' id='word_1_109' title='bbox 1459 1032 1620 1088; x_wconf 85' lang='lat' dir='ltr'>argenti</span> <span class='ocrx_word' id='word_1_110' title='bbox 1641 1033 1725 1073; x_wconf 89' lang='lat' dir='ltr'>sint</span> 
     </span>
     <span class='ocr_line' id='line_1_13' title="bbox 269 1096 1425 1157; baseline 0.004 -21"><span class='ocrx_word' id='word_1_111' title='bbox 269 1096 454 1152; x_wconf 89' lang='lat' dir='ltr'>quinque</span> <span class='ocrx_word' id='word_1_112' title='bbox 475 1097 674 1152; x_wconf 87' lang='lat' dir='ltr'>pondera,</span> <span class='ocrx_word' id='word_1_113' title='bbox 695 1105 738 1140; x_wconf 86' lang='lat' dir='ltr'>et</span> <span class='ocrx_word' id='word_1_114' title='bbox 759 1105 922 1140; x_wconf 86' lang='lat' dir='ltr'>sextum</span> <span class='ocrx_word' id='word_1_115' title='bbox 948 1100 1001 1140; x_wconf 90' lang='lat' dir='ltr'>sit</span> <span class='ocrx_word' id='word_1_116' title='bbox 1021 1107 1241 1157; x_wconf 89' lang='lat' dir='ltr'>argentum</span> <span class='ocrx_word' id='word_1_117' title='bbox 1263 1114 1425 1156; x_wconf 88' lang='lat' dir='ltr'>purum.</span> 
     </span>
    </p>
   </div>
   <div class='ocr_carea' id='block_1_3' title="bbox 634 1486 1375 1550">
    <p class='ocr_par' dir='ltr' id='par_1_3' title="bbox 634 1486 1375 1550">
     <span class='ocr_line' id='line_1_14' title="bbox 634 1486 1375 1550; baseline 0.001 -2"><span class='ocrx_word' id='word_1_118' title='bbox 634 1486 931 1549; x_wconf 87' lang='lat' dir='ltr'><strong>CAPUT</strong></span> <span class='ocrx_word' id='word_1_119' title='bbox 1014 1487 1375 1550; x_wconf 90' lang='lat' dir='ltr'>XXXVII.</span> 
     </span>
    </p>
   </div>
   <div class='ocr_carea' id='block_1_4' title="bbox 773 1633 1231 1661">
    <p class='ocr_par' dir='ltr' id='par_1_4' title="bbox 773 1633 1231 1661">
     <span class='ocr_line' id='line_1_15' title="bbox 773 1633 1231 1661; baseline 0 -1"><span class='ocrx_word' id='word_1_120' title='bbox 773 1633 882 1661; x_wconf 81' lang='lat' dir='ltr'><strong>ITEM</strong></span> <span class='ocrx_word' id='word_1_121' title='bbox 916 1634 1041 1661; x_wconf 87' lang='lat' dir='ltr'><strong>UNDE</strong></span> <span class='ocrx_word' id='word_1_122' title='bbox 1074 1633 1231 1661; x_wconf 80' lang='lat' dir='ltr'><strong>SUPRA.</strong></span> 
     </span>
    </p>
   </div>
   <div class='ocr_carea' id='block_1_5' title="bbox 273 1724 1733 2797">
    <p class='ocr_par' dir='ltr' id='par_1_5' title="bbox 377 1724 1728 1784">
     <span class='ocr_line' id='line_1_16' title="bbox 377 1724 1728 1784; baseline 0.002 -18"><span class='ocrx_word' id='word_1_123' title='bbox 377 1724 527 1766; x_wconf 86' lang='lat' dir='ltr'>OTES</span> <span class='ocrx_word' id='word_1_124' title='bbox 564 1726 691 1766; x_wconf 82' lang='lat' dir='ltr'>etiam</span> <span class='ocrx_word' id='word_1_125' title='bbox 726 1740 871 1766; x_wconf 89' lang='lat' dir='ltr'>aurum</span> <span class='ocrx_word' id='word_1_126' title='bbox 904 1726 1034 1767; x_wconf 88' lang='lat' dir='ltr'>levius</span> <span class='ocrx_word' id='word_1_127' title='bbox 1067 1727 1223 1767; x_wconf 88' lang='lat' dir='ltr'>molere</span> <span class='ocrx_word' id='word_1_128' title='bbox 1255 1727 1335 1767; x_wconf 91' lang='lat' dir='ltr'>hoc</span> <span class='ocrx_word' id='word_1_129' title='bbox 1369 1727 1510 1769; x_wconf 89' lang='lat' dir='ltr'>modo.</span> <span class='ocrx_word' id='word_1_130' title='bbox 1571 1729 1728 1784; x_wconf 86' lang='lat' dir='ltr'>Accipe</span> 
     </span>
    </p>

    <p class='ocr_par' dir='ltr' id='par_1_6' title="bbox 273 1793 1733 2797">
     <span class='ocr_line' id='line_1_17' title="bbox 387 1793 1728 1850; baseline 0.001 -16"><span class='ocrx_word' id='word_1_131' title='bbox 387 1798 541 1834; x_wconf 88' lang='lat' dir='ltr'>testam</span> <span class='ocrx_word' id='word_1_132' title='bbox 563 1793 656 1834; x_wconf 87' lang='lat' dir='ltr'>ollae</span> <span class='ocrx_word' id='word_1_133' title='bbox 677 1808 877 1849; x_wconf 87' lang='lat' dir='ltr'>capacem</span> <span class='ocrx_word' id='word_1_134' title='bbox 897 1794 995 1849; x_wconf 87' lang='lat' dir='ltr'>igne</span> <span class='ocrx_word' id='word_1_135' title='bbox 1016 1795 1252 1850; x_wconf 88' lang='lat' dir='ltr'>probatam,</span> <span class='ocrx_word' id='word_1_136' title='bbox 1267 1801 1307 1835; x_wconf 92' lang='lat' dir='ltr'>et</span> <span class='ocrx_word' id='word_1_137' title='bbox 1330 1809 1438 1850; x_wconf 89' lang='lat' dir='ltr'>pone</span> <span class='ocrx_word' id='word_1_138' title='bbox 1461 1795 1502 1835; x_wconf 91' lang='lat' dir='ltr'>in</span> <span class='ocrx_word' id='word_1_139' title='bbox 1524 1795 1728 1836; x_wconf 87' lang='lat' dir='ltr'>carbones</span> 
     </span>
     <span class='ocr_line' id='line_1_18' title="bbox 273 1862 1728 1918; baseline 0 -15"><span class='ocrx_word' id='word_1_140' title='bbox 273 1863 407 1903; x_wconf 90' lang='lat' dir='ltr'>donec</span> <span class='ocrx_word' id='word_1_141' title='bbox 437 1862 610 1903; x_wconf 92' lang='lat' dir='ltr'>omnino</span> <span class='ocrx_word' id='word_1_142' title='bbox 632 1862 870 1912; x_wconf 84' lang='lat' dir='ltr'>candescat,</span> <span class='ocrx_word' id='word_1_143' title='bbox 893 1862 1069 1903; x_wconf 87' lang='lat' dir='ltr'>et-mitte</span> <span class='ocrx_word' id='word_1_144' title='bbox 1094 1862 1136 1902; x_wconf 91' lang='lat' dir='ltr'>in</span> <span class='ocrx_word' id='word_1_145' title='bbox 1160 1876 1253 1903; x_wconf 87' lang='lat' dir='ltr'>eam</span> <span class='ocrx_word' id='word_1_146' title='bbox 1269 1877 1416 1903; x_wconf 90' lang='lat' dir='ltr'>aurum</span> <span class='ocrx_word' id='word_1_147' title='bbox 1438 1863 1533 1903; x_wconf 93' lang='lat' dir='ltr'>vivo</span> <span class='ocrx_word' id='word_1_148' title='bbox 1554 1868 1728 1918; x_wconf 87' lang='lat' dir='ltr'>argento</span> 
     </span>
     <span class='ocr_line' id='line_1_19' title="bbox 273 1929 1729 1985; baseline 0 -15"><span class='ocrx_word' id='word_1_149' title='bbox 273 1930 451 1971; x_wconf 86' lang='lat' dir='ltr'>mixtum</span> <span class='ocrx_word' id='word_1_150' title='bbox 487 1944 537 1970; x_wconf 90' lang='lat' dir='ltr'>ac</span> <span class='ocrx_word' id='word_1_151' title='bbox 579 1929 817 1970; x_wconf 88' lang='lat' dir='ltr'>minutatim</span> <span class='ocrx_word' id='word_1_152' title='bbox 857 1929 1133 1981; x_wconf 87' lang='lat' dir='ltr'>confractum,</span> <span class='ocrx_word' id='word_1_153' title='bbox 1165 1935 1395 1985; x_wconf 87' lang='lat' dir='ltr'>tenensque</span> <span class='ocrx_word' id='word_1_154' title='bbox 1436 1944 1532 1970; x_wconf 91' lang='lat' dir='ltr'>cum</span> <span class='ocrx_word' id='word_1_155' title='bbox 1573 1929 1729 1985; x_wconf 89' lang='lat' dir='ltr'>forcipe</span> 
     </span>
     <span class='ocr_line' id='line_1_20' title="bbox 273 1996 1732 2053; baseline 0 -15"><span class='ocrx_word' id='word_1_156' title='bbox 273 1998 391 2038; x_wconf 87' lang='lat' dir='ltr'>vibra</span> <span class='ocrx_word' id='word_1_157' title='bbox 431 2011 602 2038; x_wconf 90' lang='lat' dir='ltr'>manum</span> <span class='ocrx_word' id='word_1_158' title='bbox 635 1997 861 2052; x_wconf 82' lang='lat' dir='ltr'>aequaliter,</span> <span class='ocrx_word' id='word_1_159' title='bbox 897 2003 939 2038; x_wconf 92' lang='lat' dir='ltr'>et</span> <span class='ocrx_word' id='word_1_160' title='bbox 972 2012 1071 2038; x_wconf 87' lang='lat' dir='ltr'>mox</span> <span class='ocrx_word' id='word_1_161' title='bbox 1105 1997 1265 2039; x_wconf 87' lang='lat' dir='ltr'>videbis</span> <span class='ocrx_word' id='word_1_162' title='bbox 1296 1997 1510 2053; x_wconf 91' lang='lat' dir='ltr'>quomodo</span> <span class='ocrx_word' id='word_1_163' title='bbox 1544 1996 1732 2052; x_wconf 89' lang='lat' dir='ltr'>liquefiat</span> 
     </span>
     <span class='ocr_line' id='line_1_21' title="bbox 273 2062 1730 2121; baseline -0.001 -15"><span class='ocrx_word' id='word_1_164' title='bbox 273 2062 420 2106; x_wconf 90' lang='lat' dir='ltr'>aurum</span> <span class='ocrx_word' id='word_1_165' title='bbox 441 2071 483 2106; x_wconf 91' lang='lat' dir='ltr'>et</span> <span class='ocrx_word' id='word_1_166' title='bbox 502 2065 823 2106; x_wconf 88' lang='lat' dir='ltr'>commisceatur</span> <span class='ocrx_word' id='word_1_167' title='bbox 844 2064 938 2106; x_wconf 91' lang='lat' dir='ltr'>vivo</span> <span class='ocrx_word' id='word_1_168' title='bbox 961 2070 1147 2119; x_wconf 88' lang='lat' dir='ltr'>argento.</span> <span class='ocrx_word' id='word_1_169' title='bbox 1210 2064 1404 2121; x_wconf 88' lang='lat' dir='ltr'>Cumque</span> <span class='ocrx_word' id='word_1_170' title='bbox 1417 2065 1587 2106; x_wconf 91' lang='lat' dir='ltr'>omnino</span> <span class='ocrx_word' id='word_1_171' title='bbox 1606 2064 1730 2121; x_wconf 89' lang='lat' dir='ltr'>liqui-</span> 
     </span>
     <span class='ocr_line' id='line_1_22' title="bbox 273 2132 1729 2189; baseline -0.001 -15"><span class='ocrx_word' id='word_1_172' title='bbox 273 2134 375 2174; x_wconf 90' lang='lat' dir='ltr'>dum</span> <span class='ocrx_word' id='word_1_173' title='bbox 396 2133 531 2183; x_wconf 88' lang='lat' dir='ltr'>fuerit,</span> <span class='ocrx_word' id='word_1_174' title='bbox 554 2147 654 2173; x_wconf 85' lang='lat' dir='ltr'>mox</span> <span class='ocrx_word' id='word_1_175' title='bbox 675 2132 804 2174; x_wconf 92' lang='lat' dir='ltr'>funde</span> <span class='ocrx_word' id='word_1_176' title='bbox 824 2133 867 2172; x_wconf 91' lang='lat' dir='ltr'>in</span> <span class='ocrx_word' id='word_1_177' title='bbox 888 2147 1043 2188; x_wconf 89' lang='lat' dir='ltr'>aquam</span> <span class='ocrx_word' id='word_1_178' title='bbox 1065 2139 1192 2189; x_wconf 90' lang='lat' dir='ltr'>atque</span> <span class='ocrx_word' id='word_1_179' title='bbox 1212 2133 1307 2174; x_wconf 90' lang='lat' dir='ltr'>lava</span> <span class='ocrx_word' id='word_1_180' title='bbox 1327 2138 1369 2173; x_wconf 91' lang='lat' dir='ltr'>et</span> <span class='ocrx_word' id='word_1_181' title='bbox 1393 2132 1504 2173; x_wconf 88' lang='lat' dir='ltr'>sicca</span> <span class='ocrx_word' id='word_1_182' title='bbox 1523 2138 1571 2173; x_wconf 92' lang='lat' dir='ltr'>ut</span> <span class='ocrx_word' id='word_1_183' title='bbox 1590 2147 1729 2187; x_wconf 88' lang='lat' dir='ltr'>supra.</span> 
     </span>
     <span class='ocr_line' id='line_1_23' title="bbox 276 2199 1731 2256; baseline -0.001 -15"><span class='ocrx_word' id='word_1_184' title='bbox 276 2201 373 2242; x_wconf 91' lang='lat' dir='ltr'>Hoc</span> <span class='ocrx_word' id='word_1_185' title='bbox 405 2200 577 2242; x_wconf 89' lang='lat' dir='ltr'>omnino</span> <span class='ocrx_word' id='word_1_186' title='bbox 612 2215 727 2251; x_wconf 91' lang='lat' dir='ltr'>cave,</span> <span class='ocrx_word' id='word_1_187' title='bbox 749 2215 802 2242; x_wconf 91' lang='lat' dir='ltr'>ne</span> <span class='ocrx_word' id='word_1_188' title='bbox 816 2200 986 2256; x_wconf 88' lang='lat' dir='ltr'>jejunus</span> <span class='ocrx_word' id='word_1_189' title='bbox 1017 2200 1151 2242; x_wconf 88' lang='lat' dir='ltr'>molas</span> <span class='ocrx_word' id='word_1_190' title='bbox 1176 2205 1249 2241; x_wconf 92' lang='lat' dir='ltr'>aut</span> <span class='ocrx_word' id='word_1_191' title='bbox 1280 2201 1470 2251; x_wconf 80' lang='lat' dir='ltr'>deam-es,</span> <span class='ocrx_word' id='word_1_192' title='bbox 1490 2199 1589 2256; x_wconf 90' lang='lat' dir='ltr'>quia</span> <span class='ocrx_word' id='word_1_193' title='bbox 1608 2200 1731 2242; x_wconf 87' lang='lat' dir='ltr'>foetor</span> 
     </span>
     <span class='ocr_line' id='line_1_24' title="bbox 274 2267 1730 2324; baseline -0.001 -15"><span class='ocrx_word' id='word_1_194' title='bbox 274 2268 358 2309; x_wconf 91' lang='lat' dir='ltr'>vivi</span> <span class='ocrx_word' id='word_1_195' title='bbox 378 2268 540 2324; x_wconf 84' lang='lat' dir='ltr'>argenti</span> <span class='ocrx_word' id='word_1_196' title='bbox 557 2282 759 2323; x_wconf 89' lang='lat' dir='ltr'>magnum</span> <span class='ocrx_word' id='word_1_197' title='bbox 775 2268 1004 2324; x_wconf 89' lang='lat' dir='ltr'>periculum</span> <span class='ocrx_word' id='word_1_198' title='bbox 1018 2274 1081 2308; x_wconf 90' lang='lat' dir='ltr'>est</span> <span class='ocrx_word' id='word_1_199' title='bbox 1095 2268 1241 2323; x_wconf 90' lang='lat' dir='ltr'>jejuno</span> <span class='ocrx_word' id='word_1_200' title='bbox 1262 2268 1482 2309; x_wconf 90' lang='lat' dir='ltr'>stomacho</span> <span class='ocrx_word' id='word_1_201' title='bbox 1496 2273 1538 2309; x_wconf 92' lang='lat' dir='ltr'>et</span> <span class='ocrx_word' id='word_1_202' title='bbox 1556 2267 1730 2308; x_wconf 87' lang='lat' dir='ltr'>infirmi-</span> 
     </span>
     <span class='ocr_line' id='line_1_25' title="bbox 274 2334 1730 2391; baseline 0 -15"><span class='ocrx_word' id='word_1_203' title='bbox 274 2341 384 2376; x_wconf 88' lang='lat' dir='ltr'>tates</span> <span class='ocrx_word' id='word_1_204' title='bbox 405 2335 590 2376; x_wconf 88' lang='lat' dir='ltr'>diversas</span> <span class='ocrx_word' id='word_1_205' title='bbox 612 2341 798 2391; x_wconf 86' lang='lat' dir='ltr'>generat,</span> <span class='ocrx_word' id='word_1_206' title='bbox 820 2340 965 2376; x_wconf 89' lang='lat' dir='ltr'>contra</span> <span class='ocrx_word' id='word_1_207' title='bbox 985 2350 1091 2391; x_wconf 91' lang='lat' dir='ltr'>quas</span> <span class='ocrx_word' id='word_1_208' title='bbox 1120 2336 1181 2376; x_wconf 92' lang='lat' dir='ltr'>uti</span> <span class='ocrx_word' id='word_1_209' title='bbox 1202 2335 1331 2376; x_wconf 92' lang='lat' dir='ltr'>debes</span> <span class='ocrx_word' id='word_1_210' title='bbox 1367 2334 1522 2376; x_wconf 85' lang='lat' dir='ltr'>zituar¹</span> <span class='ocrx_word' id='word_1_211' title='bbox 1542 2340 1584 2376; x_wconf 88' lang='lat' dir='ltr'>et</span> <span class='ocrx_word' id='word_1_212' title='bbox 1603 2335 1730 2377; x_wconf 91' lang='lat' dir='ltr'>bacas</span> 
     </span>
     <span class='ocr_line' id='line_1_26' title="bbox 274 2402 1729 2459; baseline 0.001 -16"><span class='ocrx_word' id='word_1_213' title='bbox 274 2403 392 2455; x_wconf 88' lang='lat' dir='ltr'>lauri,</span> <span class='ocrx_word' id='word_1_214' title='bbox 414 2403 557 2459; x_wconf 88' lang='lat' dir='ltr'>pipere</span> <span class='ocrx_word' id='word_1_215' title='bbox 589 2408 631 2443; x_wconf 90' lang='lat' dir='ltr'>et</span> <span class='ocrx_word' id='word_1_216' title='bbox 665 2403 762 2444; x_wconf 90' lang='lat' dir='ltr'>allio</span> <span class='ocrx_word' id='word_1_217' title='bbox 798 2408 926 2459; x_wconf 90' lang='lat' dir='ltr'>atque</span> <span class='ocrx_word' id='word_1_218' title='bbox 958 2403 1069 2444; x_wconf 90' lang='lat' dir='ltr'>vino.</span> <span class='ocrx_word' id='word_1_219' title='bbox 1132 2402 1332 2443; x_wconf 84' lang='lat' dir='ltr'>Posthaec</span> <span class='ocrx_word' id='word_1_220' title='bbox 1367 2403 1560 2458; x_wconf 89' lang='lat' dir='ltr'>appende</span> <span class='ocrx_word' id='word_1_221' title='bbox 1595 2403 1729 2459; x_wconf 83' lang='lat' dir='ltr'>ipsam</span> 
     </span>
     <span class='ocr_line' id='line_1_27' title="bbox 275 2470 1731 2527; baseline 0.001 -16"><span class='ocrx_word' id='word_1_222' title='bbox 275 2470 571 2512; x_wconf 89' lang='lat' dir='ltr'>deauraturam</span> <span class='ocrx_word' id='word_1_223' title='bbox 592 2471 639 2511; x_wconf 70' lang='lat' dir='ltr'>in&#39;</span> <span class='ocrx_word' id='word_1_224' title='bbox 657 2476 830 2522; x_wconf 85' lang='lat' dir='ltr'>statera,</span> <span class='ocrx_word' id='word_1_225' title='bbox 852 2476 894 2511; x_wconf 90' lang='lat' dir='ltr'>et</span> <span class='ocrx_word' id='word_1_226' title='bbox 922 2470 1062 2511; x_wconf 92' lang='lat' dir='ltr'>divide</span> <span class='ocrx_word' id='word_1_227' title='bbox 1082 2470 1126 2510; x_wconf 89' lang='lat' dir='ltr'>in</span> <span class='ocrx_word' id='word_1_228' title='bbox 1147 2470 1246 2521; x_wconf 93' lang='lat' dir='ltr'>duo,</span> <span class='ocrx_word' id='word_1_229' title='bbox 1268 2475 1311 2510; x_wconf 91' lang='lat' dir='ltr'>et</span> <span class='ocrx_word' id='word_1_230' title='bbox 1342 2470 1610 2511; x_wconf 88' lang='lat' dir='ltr'>medietatem</span> <span class='ocrx_word' id='word_1_231' title='bbox 1641 2471 1731 2527; x_wconf 87' lang='lat' dir='ltr'>ejus</span> 
     </span>
     <span class='ocr_line' id='line_1_28' title="bbox 276 2537 1732 2593; baseline 0.001 -15"><span class='ocrx_word' id='word_1_232' title='bbox 276 2553 441 2579; x_wconf 87' lang='lat' dir='ltr'>rursum</span> <span class='ocrx_word' id='word_1_233' title='bbox 459 2538 501 2579; x_wconf 91' lang='lat' dir='ltr'>in</span> <span class='ocrx_word' id='word_1_234' title='bbox 522 2538 620 2590; x_wconf 89' lang='lat' dir='ltr'>duo,</span> <span class='ocrx_word' id='word_1_235' title='bbox 641 2539 779 2580; x_wconf 90' lang='lat' dir='ltr'>donec</span> <span class='ocrx_word' id='word_1_236' title='bbox 808 2538 996 2579; x_wconf 88' lang='lat' dir='ltr'>invenias</span> <span class='ocrx_word' id='word_1_237' title='bbox 1016 2538 1205 2593; x_wconf 89' lang='lat' dir='ltr'>singulos</span> <span class='ocrx_word' id='word_1_238' title='bbox 1225 2537 1431 2588; x_wconf 88' lang='lat' dir='ltr'>denarios,</span> <span class='ocrx_word' id='word_1_239' title='bbox 1454 2543 1496 2577; x_wconf 89' lang='lat' dir='ltr'>et</span> <span class='ocrx_word' id='word_1_240' title='bbox 1520 2538 1638 2579; x_wconf 89' lang='lat' dir='ltr'>mitte</span> <span class='ocrx_word' id='word_1_241' title='bbox 1658 2553 1732 2579; x_wconf 90' lang='lat' dir='ltr'>eos</span> 
     </span>
     <span class='ocr_line' id='line_1_29' title="bbox 277 2604 1731 2662; baseline 0.001 -16"><span class='ocrx_word' id='word_1_242' title='bbox 277 2606 489 2661; x_wconf 85' lang='lat' dir='ltr'>sigillatim</span> <span class='ocrx_word' id='word_1_243' title='bbox 509 2606 551 2647; x_wconf 93' lang='lat' dir='ltr'>in</span> <span class='ocrx_word' id='word_1_244' title='bbox 571 2620 732 2662; x_wconf 89' lang='lat' dir='ltr'>pennas</span> <span class='ocrx_word' id='word_1_245' title='bbox 763 2605 934 2657; x_wconf 86' lang='lat' dir='ltr'>anseris,</span> <span class='ocrx_word' id='word_1_246' title='bbox 955 2612 1003 2646; x_wconf 88' lang='lat' dir='ltr'>ut</span> <span class='ocrx_word' id='word_1_247' title='bbox 1022 2605 1130 2646; x_wconf 89' lang='lat' dir='ltr'>scias</span> <span class='ocrx_word' id='word_1_248' title='bbox 1151 2610 1355 2661; x_wconf 89' lang='lat' dir='ltr'>quantum</span> <span class='ocrx_word' id='word_1_249' title='bbox 1386 2604 1609 2660; x_wconf 89' lang='lat' dir='ltr'>unicuique</span> <span class='ocrx_word' id='word_1_250' title='bbox 1638 2606 1731 2647; x_wconf 93' lang='lat' dir='ltr'>loco</span> 
     </span>
     <span class='ocr_line' id='line_1_30' title="bbox 278 2673 1732 2730; baseline 0.001 -17"><span class='ocrx_word' id='word_1_251' title='bbox 278 2673 519 2715; x_wconf 88' lang='lat' dir='ltr'>deaurando</span> <span class='ocrx_word' id='word_1_252' title='bbox 536 2689 807 2730; x_wconf 89' lang='lat' dir='ltr'>superponas.</span> <span class='ocrx_word' id='word_1_253' title='bbox 872 2673 1038 2714; x_wconf 91' lang='lat' dir='ltr'>Deinde</span> <span class='ocrx_word' id='word_1_254' title='bbox 1055 2677 1222 2728; x_wconf 89' lang='lat' dir='ltr'>percute</span> <span class='ocrx_word' id='word_1_255' title='bbox 1243 2678 1405 2728; x_wconf 89' lang='lat' dir='ltr'>partem</span> <span class='ocrx_word' id='word_1_256' title='bbox 1426 2673 1542 2728; x_wconf 89' lang='lat' dir='ltr'>cupri</span> <span class='ocrx_word' id='word_1_257' title='bbox 1563 2673 1674 2714; x_wconf 90' lang='lat' dir='ltr'>rubri</span> <span class='ocrx_word' id='word_1_258' title='bbox 1690 2674 1732 2714; x_wconf 93' lang='lat' dir='ltr'>in</span> 
     </span>
     <span class='ocr_line' id='line_1_31' title="bbox 279 2740 1733 2797; baseline 0.001 -16"><span class='ocrx_word' id='word_1_259' title='bbox 279 2741 591 2783; x_wconf 89' lang='lat' dir='ltr'>similitudinem</span> <span class='ocrx_word' id='word_1_260' title='bbox 612 2741 776 2783; x_wconf 88' lang='lat' dir='ltr'>fossorii</span> <span class='ocrx_word' id='word_1_261' title='bbox 798 2742 894 2782; x_wconf 84' lang='lat' dir='ltr'>ferri</span> <span class='ocrx_word' id='word_1_262' title='bbox 916 2749 957 2782; x_wconf 91' lang='lat' dir='ltr'>et</span> <span class='ocrx_word' id='word_1_263' title='bbox 973 2741 1100 2797; x_wconf 86' lang='lat' dir='ltr'>infige</span> <span class='ocrx_word' id='word_1_264' title='bbox 1117 2740 1350 2792; x_wconf 89' lang='lat' dir='ltr'>manubrio,</span> <span class='ocrx_word' id='word_1_265' title='bbox 1368 2740 1733 2797; x_wconf 87' lang='lat' dir='ltr'>summitatemque</span> 
     </span>
    </p>
   </div>
   <div class='ocr_carea' id='block_1_6' title="bbox 785 2864 1237 2904">
    <p class='ocr_par' dir='ltr' id='par_1_7' title="bbox 785 2864 1237 2904">
     <span class='ocr_line' id='line_1_32' title="bbox 785 2864 1237 2904; baseline -0.002 -10"><span class='ocrx_word' id='word_1_266' title='bbox 785 2864 793 2881; x_wconf 89' lang='lat'>¹</span> <span class='ocrx_word' id='word_1_267' title='bbox 818 2866 838 2880; x_wconf 77' lang='lat'>‘¹‘</span> <span class='ocrx_word' id='word_1_268' title='bbox 858 2864 995 2901; x_wconf 86' lang='lat' dir='ltr'>Ziduar‚&#39;’</span> <span class='ocrx_word' id='word_1_269' title='bbox 1014 2865 1087 2894; x_wconf 84' lang='lat' dir='ltr'>Cod.</span> <span class='ocrx_word' id='word_1_270' title='bbox 1107 2864 1237 2904; x_wconf 61' lang='lat' dir='ltr'>Guezph.</span> 
     </span>
    </p>
   </div>
  </div>
 </body>
</html>
