1970 3202
308 259 334 298 ἰν

344 258 358 298 ...a

367 259 392 299 QG

780 270 976 297 THEOPH]
987 271 1028 297 LI
1062 270 1200 297 LIBER
1231 269 1299 298 111.

689 471 1005 534 CAPUT
1091 472 1394 535 LXVII.

726 629 786 655 DE
818 630 1174 658 PURIFICATIONE
1205 630 1355 658 CUPRI.

415 739 569 781 OLLE
600 740 796 795 patellam
825 739 1000 781 ferream
1029 740 1147 795 cujus
1174 740 1474 796 magnitudinis
1500 740 1692 791 volueris,
1724 745 1766 781 et

457 808 528 848 lini
549 822 642 848 eam
664 806 834 847 interius
863 812 905 847 et
934 807 1115 848 exterius
1146 807 1292 863 argilla
1312 807 1471 849 fortiter
1491 807 1703 849 macerata
1726 813 1767 847 et

317 875 460 927 mixta,
492 882 533 917 et
562 875 781 930 diligenter
811 874 1034 916 exsiccata.
1095 875 1265 916 Deinde
1293 890 1402 930 pone
1433 890 1525 916 eam
1557 882 1654 916 ante
1682 876 1768 916 for-

317 958 464 985 nacem
499 943 656 984 ferrarii
691 957 814 998 super
851 942 1068 995 carbones,
1103 943 1162 984 ita
1196 948 1243 983 ut
1277 958 1374 984 cum
1408 943 1527 984 folles
1564 943 1768 992 flaverint,

314 1018 463 1053 ventus
497 1011 648 1066 partim
679 1010 851 1052 interius
882 1010 1033 1065 partim
1069 1010 1256 1066 superius
1289 1009 1488 1066 procedat
1519 1015 1561 1051 et
1591 1025 1676 1051 non
1706 1010 1769 1050 in-

315 1079 454 1120 ferius.
516 1078 575 1119 Et
611 1078 915 1133 circumpositis
949 1078 1120 1119 minutis
1157 1078 1423 1130 carbonibus,
1460 1078 1674 1134 aequaliter
1708 1078 1770 1118 in-

316 1161 426 1202 pone
446 1160 635 1202 cuprum,
657 1151 699 1187 et
719 1146 952 1201 superadde
973 1145 1213 1202 congeriem
1229 1146 1470 1187 carbonum.
1524 1145 1653 1194 Quod
1675 1160 1770 1186 cum

317 1214 390 1255 diu
420 1214 627 1255 sufflando
658 1213 781 1254 fuerit
809 1213 1093 1269 liquefactum,
1124 1214 1356 1270 discooperi
1377 1219 1418 1255 et
1447 1228 1547 1255 mox
1568 1213 1771 1253 minutam

317 1282 548 1323 carbonum
570 1281 758 1334 favillam
788 1296 910 1337 super
939 1281 1041 1322 illud
1066 1282 1219 1337 proice,
1245 1288 1287 1323 et
1316 1297 1411 1323 cum
1431 1282 1545 1337 ligno
1567 1280 1710 1337 gracili
1732 1286 1774 1320 et

318 1350 430 1392 sicco
458 1350 577 1406 quasi
607 1349 823 1391 miscendo
855 1365 1088 1402 commove,
1110 1350 1354 1407 videbisque
1383 1350 1523 1392 statim
1554 1348 1773 1405 plumbum

319 1419 587 1460 combustum
616 1417 694 1473 ipsi
725 1417 877 1458 favillae
908 1418 1027 1473 quasi
1057 1419 1200 1474 gluten
1230 1419 1453 1460 adhaerere.
1517 1417 1615 1466 Quo
1641 1416 1773 1471 ejecto

318 1485 468 1527 iterum
489 1486 693 1526 carbones
718 1500 965 1541 superpone,
994 1491 1041 1526 ut
1067 1486 1201 1541 primo
1227 1486 1298 1527 diu
1319 1486 1505 1536 sufflans,
1527 1497 1775 1539 rursumque

320 1553 568 1609 discooperi,
596 1558 638 1594 et
666 1558 767 1594 tunc
794 1554 860 1594 fac
890 1559 937 1594 ut
963 1559 1060 1595 ante
1091 1553 1238 1595 fecisti.
1300 1553 1427 1602 Quod
1459 1552 1620 1594 tamdiu
1648 1551 1776 1592 facies

320 1621 455 1662 donec
475 1621 694 1676 plumbum
715 1621 888 1662 omnino
913 1622 1189 1677 excoquendo
1215 1621 1352 1662 eicias.
1416 1620 1582 1661 Deinde
1603 1619 1776 1659 infunde

311 1704 444 1746 super
472 1689 735 1740 infusorium,
763 1689 877 1744 quod
908 1689 962 1729 ad
994 1689 1075 1730 hoc
1106 1690 1327 1745 aptaveris,
1358 1694 1400 1730 et
1429 1689 1488 1729 sic
1517 1687 1714 1744 probabis
1743 1686 1778 1727 si

322 1772 472 1813 purum
500 1758 566 1798 sit.
626 1757 739 1798 Tene
759 1757 860 1798 illud
890 1772 987 1799 cum
1018 1757 1172 1812 forcipe
1202 1757 1262 1798 ita
1290 1757 1488 1808 candens,
1514 1756 1626 1811 prius
1648 1769 1777 1811 quam

321 1825 584 1880 refrigeretur
605 1831 646 1866 et
679 1831 849 1881 percute
878 1825 1026 1880 grandi
1058 1825 1208 1866 malleo
1241 1839 1363 1879 super
1388 1824 1583 1864 incudem
1605 1822 1777 1872 fortiter,

322 1897 364 1933 et
399 1893 434 1934 si
469 1892 673 1948 frangitur
706 1898 779 1933 aut
813 1886 996 1943 finditur,
1030 1892 1168 1933 denuo
1205 1890 1413 1947 oportebit
1444 1890 1544 1930 illud
1577 1889 1779 1945 liquefieri

324 1961 432 2002 sicut
451 1961 579 2016 prius.
642 1960 685 2001 si
706 1975 805 2002 vero
826 1974 976 2001 sanum
1003 1959 1291 2015 permanserit,
1312 1957 1572 2014 refrigerabis
1593 1958 1636 1998 in
1657 1971 1779 2013 aqua,

323 2034 365 2070 et
385 2029 496 2069 aliud
517 2029 666 2070 eodem
686 2028 815 2069 modo
835 2042 1004 2084 coques.
1063 2026 1158 2068 Hoc
1179 2040 1353 2082 cuprum
1374 2032 1547 2067 vocatur
1567 2025 1779 2066 torridum.

327 2097 394 2150 Ex
414 2097 497 2137 hoc
517 2111 647 2152 cupro
668 2095 867 2152 quicquid
893 2095 1030 2136 facere
1050 2094 1227 2136 volueris
1248 2093 1393 2135 ductili
1413 2108 1550 2148 opere,
1571 2094 1614 2133 in
1634 2093 1782 2149 imagi-

325 2164 461 2214 nibus,
493 2169 535 2205 et
563 2164 708 2206 bestiis
740 2170 781 2204 et
814 2163 976 2215 avibus,
1007 2162 1049 2203 in
1082 2161 1273 2202 turibulis
1309 2166 1352 2202 et
1383 2161 1557 2201 diversis
1588 2160 1712 2212 vasis,
1739 2160 1782 2201 in

325 2231 464 2272 limbis
493 2232 743 2282 tabularum,
774 2231 817 2271 in
843 2231 924 2272 filis
949 2235 991 2271 et
1020 2229 1195 2281 catenis,
1223 2229 1277 2270 ad
1306 2228 1594 2269 deaurandum
1622 2228 1783 2283 operari

328 2298 496 2353 poteris.
560 2298 628 2339 Ex
658 2299 740 2340 hoc
770 2292 900 2354 cupro
932 2298 1093 2339 confice
1128 2296 1381 2338 auricalcum
1417 2310 1513 2336 cum
1548 2295 1783 2350 adjectione

330 2365 559 2417 calaminae‚
575 2366 723 2407 eodem
741 2366 868 2407 modo
885 2380 970 2421 quo
987 2364 1174 2420 superius
1194 2378 1251 2405 aes
1267 2363 1546 2404 caldariorum
1562 2377 1783 2418 composu-

329 2433 410 2474 isti.
473 2433 600 2482 Quod
636 2448 729 2477 cum
763 2438 910 2490 quater
945 2439 1018 2473 aut
1046 2431 1265 2488 quinquies
1298 2430 1505 2471 recoxeris
1535 2430 1577 2470 in
1607 2429 1784 2471 vasculis

332 2500 453 2542 furno
475 2501 694 2556 impositis,
715 2500 915 2557 quicquid
946 2500 1098 2541 exinde
1117 2499 1161 2539 in
1181 2499 1438 2540 diversorum
1460 2512 1633 2553 operum
1654 2497 1785 2538 varie-

332 2573 417 2608 tate
438 2567 605 2620 fuderis,
628 2568 784 2624 optime
805 2568 1005 2609 deaurare
1025 2566 1191 2623 poteris.
