1970 3202
230 233 313 272 232
694 246 943 274 'rusopmm
978 247 1115 274 LIBER
1147 247 1216 275 111.

227 345 353 399 imple
385 344 492 396 cera,
521 351 562 386 et
594 361 689 386 cum
723 347 965 403 refrigerata
995 348 1131 398 fuerit,
1154 353 1249 388 tene
1279 347 1416 403 ipsum
1447 348 1596 403 pedem
1634 348 1674 388 in

226 411 392 453 sinistra
422 428 562 465 manu,
584 421 626 455 et
655 415 697 455 in
728 415 900 457 dextera
927 417 1081 457 ferrum
1101 431 1231 457 unum
1262 417 1417 457 ductile
1445 431 1494 458 ac
1525 405 1674 467 tenue3

226 484 269 520 et
304 479 370 520 fac
401 495 574 536 puerum
611 483 755 524 sedere
782 484 906 538 juxta
941 489 996 534 te,
1032 484 1105 540 qui
1136 485 1340 539 percutiat
1370 500 1465 526 cum
1502 475 1676 541 parvulo

227 548 379 589 malleo
401 563 525 604 super
545 550 698 590 ferrum
719 550 762 590 in
783 566 1032 607 quocunque
1052 552 1146 593 loco
1175 551 1273 592 illud
1296 552 1497 607 posueris,
1519 558 1561 593 et
1579 553 1676 593 inde

228 615 468 670 designabis
490 617 674 667 anulum,
692 618 763 673 qui
790 618 898 658 inter
918 619 1074 659 nodum
1097 625 1139 659 et
1159 619 1308 674 pedem
1329 620 1372 659 in
1393 620 1564 660 circuitu
1586 634 1677 660 esse

228 683 365 724 debet.
428 684 525 733 Quo
546 684 766 739 designato
787 684 955 726 effunde
977 701 1115 727 ceram
1136 691 1178 727 et
1204 694 1369 727 recocto
1390 687 1497 742 pede
1527 687 1675 726 iterum

226 750 367 806 imple,
382 755 429 791 ut
442 752 612 792 anulum
626 752 872 806 profundius
889 753 1095 808 percutias
1110 754 1218 795 sicut
1233 755 1345 809 prius
1358 771 1368 806 3
1392 755 1533 811 sicque
1549 755 1676 795 facies

225 819 360 860 donec
382 834 478 860 eum
498 820 711 875 aequaliter
732 835 829 860 cum
860 820 944 861 suis
966 821 1105 877 granis
1125 822 1328 877 perficias.
1392 822 1558 862 Deinde
1579 822 1677 862 lima

226 887 384 928 nodum
406 893 446 928 et
479 887 594 937 rade,
616 893 658 927 et
688 887 798 928 circa
828 887 978 942 pedem
1007 888 1179 929 interius
1200 895 1243 929 et
1272 889 1466 939 exterius,
1488 894 1530 929 et
1559 903 1675 929 oram

226 954 316 1010 ejus
328 971 339 1006 3
371 955 513 1011 sicque
553 954 680 995 facies
718 955 762 995 in
798 955 937 996 medio
974 955 1072 996 nodi
1112 955 1301 997 foramen
1340 956 1675 1012 quadrangulum

225 1021 455 1062 secundum
476 1023 753 1078 quantitatem
775 1023 920 1064 caudae
952 1023 1174 1078 superioris
1195 1023 1319 1074 vasis,
1342 1029 1383 1063 et
1403 1024 1446 1063 in
1466 1038 1516 1064 eo
1547 1038 1677 1079 pones

225 1089 402 1144 spissam
425 1095 584 1144 partem
617 1090 792 1146 argenti,
823 1091 1060 1142 rotundam,
1092 1091 1240 1131 eodem
1262 1091 1390 1131 modo
1412 1091 1675 1146 perforatam.

227 1155 374 1198 Facies
391 1173 558 1213 quoque
575 1159 745 1199 anulum
761 1159 1036 1214 singulariter,
1053 1159 1124 1214 qui
1137 1165 1246 1199 stare
1263 1159 1388 1199 debet
1400 1159 1506 1199 inter
1520 1160 1676 1200 nodum

225 1231 267 1266 et
287 1240 360 1266 vas
378 1226 580 1281 superius,
602 1226 749 1267 eadem
770 1226 1003 1282 quantitate
1024 1232 1066 1267 et
1085 1226 1221 1281 specie
1243 1227 1350 1267 sicut
1369 1233 1433 1268 est
1452 1228 1532 1277 ille,
1552 1241 1677 1283 quem

225 1294 369 1334 ductili
390 1294 497 1334 ferro
529 1295 716 1335 formasti
737 1295 815 1335 sub
846 1295 973 1345 nodo,
995 1300 1036 1335 et
1058 1294 1266 1350 accipiens
1297 1294 1450 1335 ferrum
1481 1295 1678 1335 obtusum

225 1361 393 1402 fricabis
415 1376 538 1417 super
570 1369 706 1403 cotem
728 1362 947 1418 aequalem,
969 1362 1120 1402 deinde
1152 1376 1276 1416 super
1303 1362 1489 1417 ligneum
1519 1361 1679 1417 querci-

224 1445 363 1481 neum,
384 1429 581 1485 imposito
603 1430 640 1471 ei
676 1430 857 1471 carbone
878 1431 988 1480 trito,
1018 1436 1059 1471 et
1089 1445 1184 1471 cum
1206 1444 1256 1470 eo
1288 1430 1419 1485 polies
1446 1429 1583 1484 ipsum
1605 1444 1678 1471 vas

224 1497 394 1538 interius
416 1503 457 1538 et
486 1498 681 1549 exterius,
704 1498 861 1539 nodum
883 1505 924 1538 et
944 1499 1094 1553 pedem
1115 1503 1157 1538 et
1186 1498 1371 1548 anulum,
1394 1497 1536 1552 sicque
1556 1497 1678 1538 frica-

224 1564 290 1606 bis
308 1580 403 1606 cum
420 1579 560 1621 panno
582 1571 624 1606 et
644 1565 758 1607 creta
778 1565 983 1606 subtiliter
1004 1565 1113 1617 rasa,
1132 1566 1267 1606 donec
1298 1565 1470 1605 omnino
1492 1565 1676 1606 lucidum

225 1632 300 1673 fiat
339 1647 457 1688 opus,
518 1632 599 1673 His
634 1633 692 1673 ita
727 1633 906 1688 peractis
941 1633 1054 1673 finde
1084 1633 1262 1673 caudam
1283 1632 1394 1673 vasis
1424 1633 1466 1672 in
1498 1639 1679 1688 quatuor

224 1715 359 1756 usque
374 1700 417 1740 in
431 1700 613 1741 medium
629 1715 725 1740 cum
744 1700 842 1741 lima
858 1706 994 1751 tenue,
1012 1707 1053 1741 et
1068 1715 1213 1741 eversa
1230 1714 1325 1740 eum
1343 1714 1465 1755 super
1483 1699 1677 1740 incudem

225 1768 449 1810 rotundam
469 1768 529 1809 ita
550 1774 596 1809 ut
615 1768 828 1823 aequaliter
847 1768 1044 1824 pendeat,
1057 1774 1099 1809 et
1120 1782 1354 1823 superpone
1375 1768 1412 1808 ei
1433 1768 1620 1819 anulum,
1637 1775 1679 1809 et

223 1836 267 1876 in
288 1836 492 1876 foramine
513 1835 613 1876 nodi
633 1836 826 1887 caudam,
848 1836 1158 1891 particulasque
1179 1851 1272 1892 quae
1294 1836 1336 1877 in
1353 1842 1417 1877 est
1436 1837 1616 1891 desuper
1637 1842 1679 1877 et

223 1910 370 1944 tenens
392 1903 480 1944 haec
502 1917 599 1944 cum
620 1903 785 1943 sinistra
806 1918 932 1944 manu
955 1903 1113 1944 fortiter
1134 1909 1176 1944 et
1195 1904 1422 1959 aequaliter,
1444 1911 1487 1945 et
1508 1903 1551 1944 in
1573 1904 1675 1944 dex-

224 1977 313 2012 tera
326 1971 479 2012 ferrum
501 1971 656 2012 ductile
672 1972 790 2013 mitte
810 1971 853 2012 in
874 1972 1032 2013 nodum
1048 1977 1090 2012 et
1110 1971 1176 2012 fac
1197 1971 1386 2026 superius
1409 1971 1570 2026 percuti
1584 1986 1678 2012 cum

225 2039 376 2079 malleo
390 2038 590 2080 mediocri
605 2039 740 2080 donec
757 2040 947 2095 configas
963 2039 1148 2080 firmiter.
1210 2038 1367 2079 Postea
1386 2038 1515 2079 funde
1530 2053 1679 2095 argen-

222 2112 334 2159 tum,
347 2107 461 2163 quod
483 2106 636 2148 limasti
657 2114 699 2148 et
719 2107 854 2148 rasisti
874 2122 970 2148 cum
991 2122 1040 2148 eo
1061 2106 1175 2163 quod
1197 2106 1405 2147 residuum
1428 2111 1505 2158 est,
1520 2111 1562 2147 et
1582 2120 1678 2161 per-

223 2180 317 2215 cute
338 2175 516 2215 rotulam
530 2189 627 2215 cum
648 2175 803 2216 circino
819 2181 1028 2231 aequatam
1045 2180 1172 2215 tantae
1192 2174 1423 2215 latitudinis
1441 2179 1599 2230 quanta
1615 2180 1679 2215 est

222 2242 398 2282 altitudo
427 2242 569 2283 calicis
603 2256 629 2282 a
661 2242 768 2297 pede
798 2242 969 2294 inferius
997 2257 1130 2299 usque
1163 2242 1217 2283 ad
1254 2256 1371 2283 oram
1403 2241 1605 2296 superius,
1636 2247 1678 2282 et

222 2309 387 2350 modice
407 2309 598 2364 amplius,
620 2316 661 2350 et
682 2310 741 2350 sic
771 2315 941 2365 percute
960 2324 1111 2351 cavum
1132 2310 1303 2350 interius
1335 2309 1565 2350 secundum
1586 2310 1678 2350 lati-

220 2377 409 2418 tudinem
433 2377 542 2418 vasis
576 2377 777 2432 superius,
798 2376 857 2417 ita
887 2382 934 2418 ut
967 2377 1184 2433 aequaliter
1204 2377 1338 2432 possit
1368 2377 1411 2417 in
1441 2391 1492 2418 eo
1517 2377 1674 2432 jacere.

223 2434 281 2485 Et
301 2444 335 2485 si
355 2445 547 2495 volueris,
569 2445 637 2486 fac
667 2444 843 2486 circulos
864 2444 970 2485 duos
1001 2444 1171 2486 interius
1192 2459 1287 2485 cum
1319 2444 1488 2496 circino,
1510 2451 1553 2486 et
1583 2459 1676 2499 per—
