1970 3202
250 271 330 312 126
732 284 984 314 ΤΗΕοΡΗιΜ
1017 285 1154 313 mmm
1186 286 1234 312 11.

705 486 1004 549 CAPUT
1071 485 1235 546 VII.

748 625 807 652 DE
837 624 1011 653 CROCEO
1043 623 1195 651 VITRO.

357 715 486 757 UOD
518 716 553 757 si
574 716 722 758 videris
743 731 817 758 vas
845 715 1012 771 aliquod
1041 716 1084 756 in
1111 729 1306 756 croceum
1332 714 1515 755 colorem
1536 714 1700 765 mutari,

382 784 471 826 sine
492 783 590 825 illud
613 783 737 840 coqui
756 797 887 840 usque
903 783 1051 824 horam
1066 782 1245 833 tertiam,
1261 787 1303 823 et
1317 781 1492 822 habebis
1507 795 1699 823 croceum

244 852 348 903 leve,
369 856 411 892 et
430 864 602 905 operare
622 850 720 891 inde
740 856 948 907 quantum
968 849 1147 891 volueris
1175 849 1320 890 ordine
1347 863 1432 905 quo
1458 863 1596 904 supra.
1658 848 1702 890 Si

244 923 387 959 autem
408 917 471 958 vis
491 917 683 973 permitte
703 917 827 974 coqui
850 931 983 974 usque
1007 917 1062 959 ad
1090 917 1237 958 horam
1267 922 1430 957 sextam
1457 922 1499 958 et
1526 916 1702 958 habebis

245 999 440 1027 croceum
460 985 763 1038 rubicundum3
795 987 863 1028 fac
883 985 1010 1028 etiam
1030 985 1128 1027 inde
1148 985 1262 1042 quod
1283 985 1457 1027 libuerit.

684 1360 989 1424 CAPUT
1057 1360 1271 1423 VIII.

719 1501 780 1529 DE
812 1499 1053 1529 PURPUREO
1084 1499 1235 1528 VITRO.

250 1590 349 1691 SI
378 1605 475 1632 vero
496 1591 757 1647 perspexeris
778 1590 892 1647 quod
913 1604 958 1631 se
978 1590 1085 1632 forte
1105 1604 1180 1631 vas
1200 1590 1369 1646 aliquod
1391 1590 1433 1630 in
1454 1590 1614 1632 fulvum
1636 1607 1706 1633 co-

366 1659 496 1700 lorem
529 1665 759 1711 convertat,
792 1659 864 1716 qui
899 1658 1013 1700 carni
1046 1658 1191 1700 similis
1224 1664 1301 1710 est,
1334 1659 1415 1700 hoc
1448 1660 1598 1700 vitrum
1631 1675 1706 1715 pro

249 1726 495 1768 membrana
510 1726 681 1778 habeto,
697 1733 740 1768 et
755 1727 947 1768 auferens
962 1726 1060 1768 inde
1075 1732 1279 1783 quantum
1298 1727 1489 1779 volueris,
1505 1728 1706 1784 reliquum

248 1809 383 1851 coque
403 1809 477 1851 per
497 1795 602 1837 duas
630 1795 770 1847 horas,
791 1795 983 1837 videlicet
1010 1809 1035 1836 a
1063 1795 1195 1850 prima
1223 1809 1355 1851 usque
1382 1795 1436 1836 ad
1464 1795 1644 1846 tertiam,
1666 1801 1708 1836 et

247 1862 423 1904 habebis
443 1878 694 1919 purpuream
715 1864 862 1916 levem,
879 1869 922 1905 et
941 1877 1105 1904 rursum
1126 1867 1293 1904 coctum
1313 1876 1338 1903 a
1359 1862 1482 1903 tertia
1497 1876 1631 1919 usque
1653 1862 1706 1903 ad

248 1936 426 1984 sextam,
447 1931 524 1973 erit
544 1946 727 1988 purpura
746 1931 838 1973 rufa
858 1936 987 1988 atque
1008 1929 1205 1987 perfecta.

730 2304 1038 2368 CAPUT
1103 2305 1223 2367 IX.

574 2444 634 2471 DE
666 2443 944 2472 DILA'PANDIS
974 2444 1155 2472 VITREIS
1185 2443 1392 2472 TABULIS.

350 2535 443 2577 UM
486 2541 626 2576 autem
666 2549 718 2576 ex
760 2534 825 2576 his
864 2535 1073 2576 coloribus
1109 2542 1306 2591 operatus
1342 2535 1468 2578 fueris
1502 2544 1707 2593 quantum

385 2602 583 2659 potueris,
605 2607 647 2643 et
666 2602 820 2643 vitrum
848 2602 892 2642 in
919 2602 1041 2643 furno
1069 2602 1359 2658 refrigeratum
1388 2603 1523 2655 fuerit,
1545 2619 1709 2660 expone

254 2671 493 2713 universum
514 2685 621 2725 opus
643 2677 774 2721 tuum,
793 2676 835 2711 et
850 2670 916 2711 fac
938 2669 1076 2725 ignem
1099 2670 1314 2725 copiosum
1337 2671 1509 2712 accendi
1528 2671 1571 2711 in
1587 2672 1709 2713 furno

252 2739 296 2780 in
316 2753 400 2795 quo
421 2738 547 2779 debet
566 2738 729 2780 dilatari
750 2744 792 2779 et
811 2738 980 2794 aequari.
1041 2736 1140 2786 Quo
1164 2737 1370 2778 candente
1394 2738 1535 2793 accipe
1556 2739 1709 2780 ferrum

252 2806 449 2858 calidum,
472 2812 514 2847 et
533 2806 697 2849 findens
715 2821 842 2848 unam
864 2810 1025 2862 partem
1050 2803 1156 2856 vitri,
1177 2819 1287 2861 pone
1316 2821 1440 2861 super
1460 2807 1587 2848 larem
1610 2823 1709 2850 can-

253 2873 391 2915 dentis
415 2873 535 2924 furni,
559 2879 599 2913 et
627 2888 722 2914 cum
748 2874 920 2929 coeperit
940 2871 1102 2924 molliri,
1126 2873 1225 2914 tolle
1247 2873 1447 2930 forcipem
1471 2875 1645 2918 ferreum
1669 2883 1710 2917 et
