1970 3202
326 295 410 335 274
790 309 1040 336 THEOPHILI
1073 309 1210 335 LIBER
1235 308 1304 336 111.

323 433 408 470 ore,
440 419 574 460 donec
610 419 752 460 videas
773 420 909 474 ipsam
945 419 1216 460 solidaturam
1245 419 1304 459 ita
1336 419 1660 475 circumquaque
1690 419 1776 459 dis-

325 501 499 538 currere,
540 487 659 542 quasi
700 501 811 542 aqua
850 487 1134 542 perfundatur.
1197 486 1254 527 Et
1286 501 1391 534 mox,
1428 500 1625 541 asperges
1666 485 1777 541 aqua

324 554 489 595 modice
524 560 649 610 atque
681 554 817 605 eicies,
851 559 894 594 et
928 554 1146 609 diligenter
1167 554 1342 605 lavabis,
1375 568 1623 609 rursumque
1653 568 1778 608 super

322 621 441 662 linies
469 622 754 673 solidaturam,
776 636 825 662 ac
858 622 964 662 sicut
984 622 1098 677 prius
1131 622 1345 675 solidabis,
1366 622 1500 663 donec
1534 621 1676 662 omnia
1705 620 1778 661 fila

326 689 498 730 firmiter
517 695 640 730 stent.

754 1087 1064 1150 CAPUT
1141 1088 1348 1150 LIII.

553 1235 613 1261 DE
644 1234 926 1262 IMPONENDIS
958 1234 1134 1262 GEMMIS
1167 1234 1222 1261 ΕΤ
1254 1232 1547 1261 MARGARITIS.

326 1330 537 1430 POST
559 1331 647 1373 haec
667 1332 803 1373 incide
823 1347 896 1388 per
910 1332 1135 1387 particulas
1151 1331 1273 1388 quasi
1295 1331 1496 1387 corrigias
1517 1331 1588 1383 ita,
1609 1337 1656 1372 ut
1675 1346 1778 1372 una—

447 1414 624 1455 quaeque
653 1400 831 1455 corrigia
860 1400 1014 1441 habeat
1042 1400 1159 1440 filum
1190 1414 1332 1451 unum,
1363 1414 1468 1455 quas
1499 1399 1639 1440 statim
1665 1415 1778 1441 com-

325 1466 499 1521 plicabis
521 1473 561 1507 et
581 1466 707 1508 facies
732 1467 830 1508 inde
859 1467 1147 1519 domunculas,
1169 1467 1320 1523 quibus
1340 1466 1499 1522 lapides
1520 1467 1779 1519 claudantur,

325 1533 506 1574 minores
537 1540 578 1574 et
607 1535 801 1590 majores,
829 1535 882 1575 ad
907 1549 1145 1575 mensuram
1176 1535 1515 1590 uniuscujusque,
1546 1535 1779 1576 ordinabis—

326 1615 408 1657 que
429 1615 499 1641 eas
519 1601 563 1641 in
585 1601 670 1642 suis
690 1602 805 1643 locis.
867 1601 1057 1643 Habebis
1079 1616 1246 1658 quoque
1276 1601 1453 1642 farinam
1473 1602 1526 1643 de
1547 1602 1780 1657 similagine

325 1668 522 1709 frumenti
543 1669 628 1710 sive
650 1669 836 1725 siliginis,
858 1684 985 1725 quam
1006 1669 1201 1710 miscebis
1219 1683 1328 1724 aqua
1345 1669 1387 1709 in
1409 1670 1580 1724 parvulo
1596 1670 1780 1722 vasculo,

325 1742 367 1776 et
387 1750 519 1791 pones
539 1751 663 1791 super
692 1737 910 1788 carbones,
932 1742 978 1777 ut
1007 1751 1154 1792 parum
1181 1737 1346 1778 calefiat
1359 1753 1368 1788 3
1400 1737 1443 1776 in
1463 1751 1591 1793 quam
1611 1737 1780 1793 tingues

326 1804 490 1845 modice
526 1804 802 1845 domunculas
837 1804 942 1855 illas,
975 1818 1317 1860 unamquamque
1349 1804 1611 1859 singulariter
1642 1804 1685 1845 in
1717 1804 1780 1845 in-

325 1872 474 1913 feriore
494 1877 611 1927 parte
631 1872 773 1927 sicque
803 1871 987 1912 stabilies
1015 1871 1056 1911 in
1078 1886 1154 1912 suo
1175 1871 1283 1912 loco.
1345 1870 1552 1912 Omnibus
1573 1886 1672 1912 vero
1693 1877 1780 1912 sta-

324 1939 451 1980 bilitis
472 1954 582 1995 pone
603 1954 725 1994 super
755 1939 956 1980 carbones
987 1945 1148 1994 partem
1175 1938 1264 1979 auri
1285 1953 1408 1994 super
1427 1953 1554 1994 quam
1576 1939 1779 1991 stabilisti,

325 2009 460 2049 donec
474 2008 706 2048 exsiccetur
719 2007 869 2047 humor
882 2007 1038 2057 farinae,
1053 2011 1094 2047 et
1106 2021 1204 2047 mox
1217 2006 1502 2048 adhaerebunt.
1544 2006 1662 2048 Tolle
1675 2021 1780 2062 quo·

327 2091 408 2133 que
424 2077 496 2117 fila
512 2076 694 2127 subtilia,
712 2081 753 2116 et
768 2081 937 2131 percute
951 2089 1000 2116 ea
1020 2075 1183 2116 modice
1197 2089 1321 2130 super
1342 2074 1549 2126 incudem,
1565 2075 1625 2115 ita
1641 2080 1687 2115 ut
1707 2075 1780 2116 ali-

324 2141 575 2202 quantulum
596 2150 722 2184 tenua
743 2143 838 2195 sint,
860 2149 901 2184 et
922 2148 1062 2184 tamen
1083 2157 1214 2198 grana
1235 2143 1422 2198 superius
1442 2148 1485 2183 et
1503 2142 1674 2183 inferius
1694 2157 1777 2183 non

324 2212 556 2268 procedant
576 2212 642 2252 vel
662 2211 841 2267 perdant
869 2211 1048 2252 formam
1075 2225 1194 2251 suam
1214 2210 1311 2251 inde
1332 2210 1602 2266 complicabis
1623 2210 1778 2251 floscu-

322 2282 386 2322 los
417 2280 597 2334 majores
631 2286 673 2320 et
708 2279 902 2330 minores,
932 2279 1044 2320 unde
1076 2279 1266 2334 implebis
1296 2267 1468 2334 campos
1498 2292 1643 2319 omnes
1672 2278 1780 2319 inter

325 2347 624 2398 domunculas3
667 2362 774 2403 quos
811 2362 907 2388 cum
943 2347 1187 2388 formaveris
1222 2347 1362 2388 subtili
1396 2346 1566 2401 forcipe,
1598 2346 1779 2400 intinges

327 2431 398 2457 eos
420 2416 463 2456 in
483 2415 655 2455 humida
685 2415 832 2466 farina,
863 2415 1005 2470 sicque
1035 2415 1259 2456 collocabis
1279 2428 1619 2470 unamquamque
1638 2413 1682 2454 in
1702 2428 1778 2455 suo

324 2484 433 2525 loco.
496 2482 594 2531 Quo
630 2482 744 2524 sacto
779 2497 889 2538 pone
925 2497 1048 2538 super
1081 2482 1298 2534 carbones,
1333 2488 1380 2523 ut
1415 2482 1604 2532 siccetur,
1638 2482 1778 2522 statim

326 2566 408 2607 que
438 2549 681 2605 superlinies
708 2550 994 2600 solidaturam,
1017 2555 1058 2591 et
1077 2550 1274 2591 solidabis
1295 2550 1402 2591 sicut
1422 2548 1622 2604 superius.
1683 2549 1779 2591 Hoc

325 2618 453 2658 modo
483 2617 668 2674 utrisque
698 2618 886 2674 partibus
916 2618 1037 2658 unius
1068 2618 1263 2658 auriculae
1294 2617 1479 2658 solidatis
1510 2631 1559 2658 ac
1589 2618 1778 2669 firmatis,

324 2685 534 2740 conjunge
561 2699 632 2726 eas
660 2691 702 2727 et
727 2685 943 2740 interpone
968 2685 1026 2726 eis
1055 2685 1246 2736 fundum,
1271 2684 1314 2725 in
1342 2684 1518 2725 circuitu
1542 2685 1631 2740 ejus
1654 2685 1780 2740 juxta

324 2767 441 2793 oram
460 2752 712 2807 interiorem,
733 2753 926 2794 videlicet
954 2767 1082 2793 unam
1108 2758 1278 2793 tenuem
1302 2758 1464 2808 partem
1489 2752 1591 2803 auri,
1612 2767 1706 2808 quae
1726 2753 1780 2793 sit

325 2819 434 2860 sicut
454 2819 627 2871 festuca,
649 2828 690 2861 et
710 2821 880 2877 aequalis
901 2836 975 2876 per
995 2821 1148 2862 omnia.
1211 2821 1352 2870 Quam
1371 2828 1535 2877 partem
1556 2836 1651 2863 cum
1671 2822 1779 2864 inter
1802 2814 1805 2818 ’

321 2886 415 2928 illas
437 2886 542 2928 duas
557 2887 760 2943 junxeris,
783 2888 988 2945 complica
1007 2895 1089 2930 tres
1111 2889 1334 2945 particulas
1355 2889 1450 2931 ferri
1470 2896 1629 2942 tenues,
1649 2897 1691 2932 et
1711 2891 1776 2932 fac
