1970 3202
289 255 374 295 270
763 265 1014 293 THEomer
1049 265 1187 292 LIBER
1219 265 1289 291 111.

289 367 423 407 donec
457 380 699 421 percussum
733 380 817 406 non
851 363 1099 420 frangatur¹.
1162 363 1260 412 Quo
1293 364 1407 404 facto
1441 378 1566 404 omne
1598 377 1746 404 aurum

289 434 439 489 pariter
457 433 596 484 funde,
615 439 656 474 et
677 433 717 473 in
738 448 867 474 unam
885 447 1066 473 massam
1089 432 1244 488 redige,
1262 437 1387 488 atque
1405 446 1529 486 super
1546 436 1746 471 stateram

289 516 339 542 eo
371 501 513 552 modo,
545 517 629 557 quo
666 508 888 557 argentum
924 500 1112 555 superius
1148 499 1337 550 divisisti,
1369 499 1534 550 divide3
1576 498 1748 553 parique

290 568 436 609 ordine
483 569 712 609 secundum
760 569 937 609 formam
985 581 1112 623 quam
1154 567 1344 618 volueris,
1387 566 1530 622 sicque
1580 580 1655 621 pro
1700 569 1750 605 ut

288 636 455 677 libuerit
483 636 687 676 auriculas
715 635 928 676 formabis.
991 633 1118 682 Quod
1151 634 1184 674 si
1213 648 1337 690 opere
1367 639 1582 690 gemmato
1610 633 1749 673 facere

289 702 483 754 volueris,
516 709 685 758 percute
716 703 820 743 duas
852 708 990 757 partes
1021 701 1110 742 auri
1140 707 1226 742 tam
1258 708 1418 752 tenues,
1449 707 1495 742 ut
1525 700 1747 755 vestigium

289 770 456 825 ungulae
476 770 609 825 possit
629 770 666 811 ei
686 770 880 825 imprimi,
903 775 944 810 et
965 783 1036 810 eas
1056 769 1193 809 incide
1215 769 1266 810 ea.
1289 769 1440 820 forma,
1462 768 1548 825 qua
1569 768 1749 809 volueris

291 838 494 878 auriculas
530 837 697 887 habere,
732 852 824 892 quae
865 842 1004 892 partes
1039 841 1226 890 utraeque
1267 837 1321 876 ad
1356 851 1485 877 unam
1521 835 1749 877 auriculam

289 905 508 959 pertinent.
572 905 737 946 Deinde
758 919 963 959 compone
986 903 1257 944 solidaturam
1278 903 1359 944 hoc
1382 903 1524 944 modo.

756 1345 1063 1408 CAPUT
1142 1345 1259 1407 LI.

759 1503 817 1529 DE
849 1502 1136 1530 SOLIDATURA
1167 1503 1291 1531 AURI.

398 1611 552 1654 OLLE
571 1612 728 1653 cineres
750 1612 953 1667 fagineos,
971 1617 1014 1652 et
1029 1612 1095 1653 fac
1116 1612 1213 1653 inde
1229 1612 1425 1663 lexivam,
1442 1626 1570 1668 quam
1590 1626 1753 1653 rursum

431 1681 588 1722 colabis
623 1695 698 1736 per
732 1681 904 1728 eosdem
945 1680 1119 1731 cineres,
1160 1687 1207 1721 ut
1246 1680 1382 1736 spissa
1422 1681 1508 1721 fiat.
1570 1679 1754 1721 Rursum

297 1750 418 1791 mitte
440 1750 480 1789 in
514 1749 714 1804 patellam
737 1754 779 1789 et
810 1763 948 1804 coque
968 1763 1101 1804 usque
1131 1749 1185 1789 ad
1207 1749 1372 1789 tertiam
1403 1755 1579 1804 partem,
1604 1754 1646 1789 et
1674 1748 1755 1788 im—

298 1833 409 1873 pone
436 1819 473 1859 ei
503 1817 715 1858 modicum
748 1816 984 1872 smigmatis
1006 1822 1047 1856 et
1077 1831 1220 1872 parum
1255 1817 1408 1857 arvinae
1439 1817 1569 1858 suillae
1590 1816 1755 1857 veteris.

299 1885 494 1942 Cumque
515 1885 713 1941 frigidum
735 1884 857 1925 fuerit
887 1890 929 1925 et
943 1884 1161 1935 resederit,
1183 1885 1275 1925 cola
1305 1884 1527 1940 diligenter
1557 1899 1631 1940 per
1650 1899 1756 1940 pan-

299 1968 401 1995 num
423 1960 465 1994 et
486 1954 602 1994 mitte
622 1954 665 1993 in
686 1967 760 1993 vas
777 1967 991 2008 cupreum,
1009 1952 1122 2008 quod
1143 1952 1196 1993 sit
1212 1967 1263 1993 ex
1286 1953 1400 1993 omni
1421 1957 1539 2007 parte
1561 1951 1755 2002 solidum,

300 2028 476 2077 excepto
499 2022 667 2062 modico
699 2020 916 2071 foramine,
938 2021 1052 2076 quod
1081 2020 1269 2076 superius
1301 2020 1493 2070 emineat,
1514 2019 1756 2070 rotundum,

299 2096 346 2131 ut
367 2090 499 2145 possit
519 2089 652 2145 digito
670 2089 843 2130 obstrui.
906 2088 1013 2129 Post
1033 2088 1123 2129 haec
1145 2089 1242 2130 tolle
1259 2094 1419 2144 partem
1437 2087 1553 2143 cupri
1574 2094 1756 2138 tenuem,

300 2146 425 2214 quem
449 2157 703 2198 madefacies
734 2170 858 2212 aqua,
880 2162 922 2197 et
951 2156 1120 2197 fricabis
1142 2171 1264 2212 super
1285 2171 1377 2197 eam
1409 2155 1538 2196 salem
1561 2169 1613 2196 ex
1642 2160 1756 2194 utra-

301 2240 382 2282 que
404 2231 536 2280 parte,
558 2225 780 2280 mittesque
811 2224 854 2264 in
875 2224 1030 2280 ignem,
1051 2230 1093 2265 et
1113 2239 1208 2265 cum
1240 2223 1457 2264 canduerit
1487 2222 1684 2278 extingue
1714 2222 1757 2262 in

302 2293 412 2349 pelvi
433 2293 591 2333 munda
612 2298 653 2333 et
681 2306 784 2347 pura
805 2291 928 2348 aqua,
949 2292 993 2332 in
1023 2306 1109 2347 qua
1129 2297 1314 2332 servetur
1334 2290 1533 2347 quicquid
1555 2305 1607 2331 ex
1627 2304 1756 2346 cupro

301 2360 572 2402 comburitur.
632 2359 902 2415 Rursumque
934 2359 1038 2400 frica
1079 2360 1209 2400 salem
1250 2373 1375 2414 supra
1412 2373 1587 2413 cuprum
1617 2364 1658 2399 et
1689 2357 1757 2399 fac

303 2428 411 2469 sicut
443 2428 570 2483 prius,
592 2432 634 2468 et
667 2427 747 2468 hoc
782 2427 943 2467 tamdiu
975 2427 1110 2468 donec
1139 2427 1332 2468 sufficiat.
1395 2426 1560 2467 Deinde
1588 2424 1757 2466 effunde

303 2511 456 2552 aquam
493 2501 535 2536 et
566 2495 731 2536 exsicca
752 2495 965 2550 pulverem
997 2494 1039 2534 in
1072 2509 1226 2550 cupreo
1258 2509 1371 2546 vase,
1393 2500 1434 2535 et
1466 2499 1552 2535 tere
1584 2508 1679 2534 eum
1714 2493 1757 2533 in

304 2564 452 2605 eodem
470 2578 570 2604 vase
586 2578 682 2604 cum
704 2562 836 2603 ferreo
858 2563 1009 2603 malleo
1031 2562 1166 2604 donec
1186 2562 1453 2603 tenuissimus
1470 2562 1558 2613 fiat,
1576 2576 1758 2618 ponens-

304 2646 386 2687 que
420 2646 544 2687 super
579 2632 784 2672 carbones
820 2645 980 2671 rursum
1015 2630 1228 2681 combure,
1264 2637 1390 2686 atque
1431 2638 1475 2671 ut
1516 2631 1628 2686 prius
1657 2636 1755 2671 tere.

350 2765 358 2783 ¹
383 2768 403 2782 “
414 2765 503 2804 Quod
526 2767 552 2797 si
573 2767 690 2796 modice
710 2765 847 2805 finditur,
861 2765 955 2797 funde
973 2765 1050 2796 illud
1068 2775 1135 2796 cum
1152 2764 1305 2805 sulphure,
1321 2770 1352 2796 et
1367 2765 1409 2796 sic
1425 2764 1661 2797 emendabitur.”
1704 2765 1759 2796 Ex

307 2820 382 2851 Cod.
401 2821 532 2860 G‘uelph.
548 2820 791 2861 interpolantur.
