1970 3202
288 258 372 298 368
760 272 1015 301 THEOPHILI
1047 273 1185 301 mmm
1214 273 1286 301 111.

623 556 931 619 CAPUT
1007 556 1399 618 LXXXVI.

680 717 741 743 DE
771 716 989 745 MENSURA
1020 717 1355 745 CYMBALORUM.

395 834 724 884 UICUNQUE
753 837 841 876 vult
874 837 1011 878 facere
1040 838 1235 892 cymbala
1263 838 1314 878 ad
1345 837 1603 878 cantandum
1635 817 1747 877 recte
1785 893 1796 904 ἱ

421 903 626 953 sonantia,
657 904 709 944 ad
747 905 1077 960 unumquodque
1106 905 1233 946 debet
1262 919 1401 946 ceram
1441 904 1627 945 dividere
1649 917 1748 943 cum

284 970 480 1025 pondere,
520 976 561 1010 et
593 985 617 1011 a
653 971 934 1026 superioribus
975 972 1147 1028 incipiat
1184 978 1229 1012 ut
1270 972 1567 1013 descendendo
1611 970 1749 1026 possit

284 1037 499 1092 pervenire
516 1038 567 1078 ad
591 1039 797 1093 graviora.
861 1040 1206 1096 Unumquodque
1226 1046 1368 1082 autem
1391 1045 1509 1080 notet
1531 1054 1626 1080 cum
1650 1053 1748 1094 pro-

285 1105 374 1160 pria
404 1105 539 1146 littera
570 1112 615 1146 ut
643 1106 744 1147 illud
776 1107 818 1147 in
850 1107 1053 1149 divisione
1085 1114 1329 1162 cognoscat.
1393 1107 1590 1162 Inprimis
1622 1107 1749 1148 faciat

285 1173 390 1214 duas
426 1180 565 1228 partes
601 1189 705 1215 cerae
742 1176 923 1231 aequales
957 1190 1052 1216 cum
1090 1175 1207 1226 libra,
1237 1190 1364 1216 unam
1398 1176 1450 1216 ad
1489 1191 1518 1217 a
1553 1175 1746 1226 litteram,

285 1243 459 1283 alteram
481 1243 534 1283 ad
557 1256 598 1283 G.
644 1242 796 1283 Geram
819 1259 847 1284 a
870 1242 1016 1284 litterae
1033 1243 1193 1284 dividat
1212 1243 1255 1283 in
1277 1249 1374 1284 octo
1395 1244 1577 1299 aequales
1594 1248 1748 1298 partes,

285 1317 328 1351 et
358 1315 521 1351 tantum
554 1311 606 1351 ad
639 1325 778 1352 ceram
810 1325 838 1352 G
869 1311 1018 1351 litterae
1048 1316 1254 1367 quantum
1285 1317 1349 1352 est
1379 1311 1421 1351 in
1453 1316 1604 1352 octava
1629 1316 1748 1366 parte

285 1392 390 1418 cerae
411 1393 452 1419 a.
520 1377 717 1419 Similiter
746 1379 907 1420 dividat
937 1394 1076 1420 ceram
1099 1393 1127 1420 G
1149 1394 1222 1435 per
1253 1386 1350 1420 octo
1371 1386 1412 1420 et
1433 1384 1598 1419 tantum
1629 1379 1701 1419 det
1722 1392 1747 1418 F

285 1445 434 1487 litterae
454 1452 660 1502 quantum
692 1453 755 1487 est
784 1447 827 1487 in
859 1462 1024 1488 summa
1046 1448 1153 1503 ejus,
1183 1453 1224 1488 et
1254 1447 1423 1502 insuper
1444 1452 1636 1487 octavam
1658 1447 1748 1502 ejus

286 1520 461 1569 partem,
488 1519 530 1554 et
551 1514 723 1555 habebit
753 1515 860 1555 duos
887 1521 1012 1555 tonos
1042 1515 1279 1556 continuos.
1342 1514 1394 1555 In
1415 1515 1488 1555 illo
1509 1515 1602 1555 loco
1624 1515 1748 1556 semi-

285 1581 469 1622 toniuml
503 1582 628 1622 debet
654 1596 760 1633 esse,
796 1588 838 1623 et
869 1582 948 1623 hoc
979 1583 1038 1623 ita
1068 1582 1268 1623 inveniat.
1338 1582 1556 1623 Summam
1591 1597 1696 1623 cerae
1717 1599 1745 1624 a

284 1650 432 1690 litterae
453 1649 614 1690 dividat
633 1650 674 1690 in
699 1655 783 1691 tres
800 1657 953 1706 partes,
975 1650 1195 1706 ipsamque
1212 1666 1420 1691 summam
1445 1651 1516 1691 det
1538 1665 1564 1690 E
1584 1650 1746 1703 litterae,

285 1724 327 1758 et
346 1718 516 1773 insuper
537 1718 626 1773 ejus
658 1717 828 1758 terciam
862 1723 1036 1773 partem.
1101 1718 1267 1758 Deinde
1297 1719 1369 1759 det
1398 1724 1561 1759 tantum
1589 1732 1694 1758 cerae
1715 1731 1745 1757 D

284 1787 446 1837 litterae,
468 1791 672 1841 quantum
709 1791 773 1826 est
806 1785 849 1825 in
887 1799 1052 1826 summa
1084 1801 1113 1827 a
1152 1791 1193 1826 et
1223 1791 1416 1827 octavam
1448 1787 1538 1842 ejus
1569 1792 1743 1842 partem.

288 1854 395 1894 Item
418 1859 581 1894 tantum
605 1868 711 1894 cerae
733 1853 804 1894 det
831 1853 977 1894 litterae
1007 1867 1031 1894 c
1063 1860 1268 1909 quantum
1291 1854 1418 1895 habet
1438 1868 1480 1904 G,
1502 1859 1543 1895 et
1563 1854 1743 1895 mediam

287 1924 376 1980 ejus
417 1929 591 1979 partem,
636 1922 774 1978 itaque
814 1922 991 1963 haberet
1023 1922 1130 1963 duos
1170 1927 1293 1963 tonos
1332 1928 1425 1978 post
1460 1922 1742 1963 semitonium.

288 1991 454 2032 Deinde
489 1996 654 2031 tantum
687 2005 792 2031 cerae
826 1990 984 2031 tribuat
1020 2004 1047 2030 Β
1083 1990 1229 2031 litterae
1261 1997 1464 2046 quantum
1498 1990 1633 2032 estin
1656 1995 1745 2030 tota

286 2074 451 2100 summa
481 2074 506 2099 F
536 2059 697 2110 litterae,
727 2065 768 2100 et
798 2059 970 2114 insuper
997 2059 1170 2099 terciam
1202 2059 1292 2114 ejus
1312 2064 1488 2114 partem,
1510 2064 1553 2099 et
1571 2058 1745 2099 habebit

283 2128 433 2168 iterum
464 2127 755 2178 semitonium3
793 2132 919 2182 atque
955 2131 1116 2181 septem
1152 2126 1427 2182 symphonias
1464 2126 1519 2167 ab
1549 2141 1578 2168 a
1608 2126 1744 2167 littera

283 2210 418 2251 usque
449 2195 501 2235 ad
533 2209 560 2235 B
590 2195 790 2236 inveniat.
855 2195 1088 2250 Dyapason
1109 2209 1210 2235 vero
1241 2194 1421 2235 necdum
1452 2194 1625 2234 haberet
1654 2193 1742 2234 sine

285 2269 435 2304 octavo
456 2263 665 2319 cymbalo.
728 2262 927 2318 Duplicet
947 2262 1072 2318 igitur
1087 2267 1221 2304 totam
1243 2277 1381 2304 ceram
1403 2277 1432 2303 a
1452 2261 1599 2302 litterae
1620 2267 1662 2302 et
1682 2262 1741 2303 sic

285 2346 376 2372 eam
393 2331 550 2372 tribuat
565 2343 594 2371 A
607 2331 767 2381 litterae,
782 2335 824 2370 et
836 2330 964 2371 nichil
978 2330 1123 2371 deerit.
1171 2331 1474 2386 Dyatesseron,
1495 2330 1741 2385 Dyapason,

284 2405 409 2455 atque
440 2399 666 2454 Dyapente
697 2397 965 2453 Synemenon
996 2403 1137 2439 autem
1166 2398 1352 2440 inveniat
1379 2398 1454 2449 ita,
1479 2397 1601 2439 tollat
1626 2411 1741 2437 sum-

284 2481 398 2507 mam
419 2481 524 2507 cerae
551 2466 699 2506 litterae
729 2470 771 2506 et
800 2470 965 2506 tantum
996 2466 1068 2507 det
1088 2480 1113 2506 F
1134 2466 1296 2518 litterae,
1326 2471 1368 2507 et
1387 2466 1558 2521 insuper
1584 2465 1740 2506 medie-

283 2541 414 2576 tatem
435 2534 539 2589 ejus,
561 2548 610 2574 ac
641 2532 871 2574 constituat
900 2532 1014 2574 illam
1046 2533 1152 2575 inter
1172 2547 1203 2575 A
1223 2539 1266 2575 et
1287 2548 1330 2574 B.
1392 2532 1577 2575 Omnino
1598 2538 1739 2573 autem

283 2607 433 2643 caveat
453 2601 525 2658 qui
545 2601 742 2657 cymbala
771 2600 952 2641 formare
982 2605 1055 2642 aut
1084 2601 1260 2643 fundere
1290 2600 1430 2652 debet,
1451 2606 1500 2641 ut
1520 2601 1573 2641 de
1593 2614 1741 2656 supra-

284 2670 397 2711 dicta
417 2684 514 2711 cera
529 2684 623 2725 quae
644 2674 732 2710 tam
754 2671 876 2710 caute
895 2669 1130 2724 ponderata
1145 2674 1188 2710 et
1207 2669 1342 2710 divisa
1361 2674 1440 2720 est,
1453 2668 1580 2709 nichil
1601 2667 1740 2708 mittat

285 2738 338 2778 ad
365 2738 470 2794 juga
499 2744 542 2778 et
571 2737 813 2793 spiramina,
846 2737 919 2778 sed
950 2737 1003 2778 de
1034 2738 1166 2778 altera
1194 2751 1291 2779 cera
1322 2736 1450 2778 faciat
1479 2736 1548 2777 illa
1582 2735 1737 2777 omnia.

828 2871 835 2890 ¹
862 2873 882 2889 “
895 2870 1090 2911 semitonus‚’¹
1104 2869 1178 2902 ίφηό.

1939 1707 1970 2112 ”mv-awo*
1952 1685 1957 1695 -
1949 1643 1970 1674 η’
1951 1594 1962 1634 m
1953 1574 1970 1582 ὴ

1940 2646 1953 2705 *“’“’““
1936 2113 1969 2637 ‘mmwfflffl
