1970 3202
335 276 421 316 326
802 289 1052 318 THEOPHILI
1086 291 1224 318 LIBER
1249 291 1319 319 111.

335 388 490 444 poteris
504 388 675 429 interius
693 404 786 430 cum
806 391 932 446 longo
948 391 1100 432 malleo
1121 398 1163 432 et
1175 391 1321 447 gracili
1337 396 1555 447 percutere
1571 397 1614 433 et
1628 397 1792 433 attenu-

337 469 421 507 are,
442 456 477 497 si
497 470 603 512 opus
625 456 761 498 fuerit.
824 456 951 506 Quod
973 458 1007 499 si
1038 458 1123 501 duo
1148 459 1300 515 capita,
1321 459 1385 500 vel
1415 459 1496 501 tria
1516 474 1590 501 seu
1609 460 1730 516 plura
1748 460 1792 500 in

336 523 482 565 tabula
501 538 593 565 esse
613 525 806 576 debeant,
819 526 931 567 circa
944 527 1276 583 unumquodque
1295 527 1354 568 ita
1374 525 1511 568 facere
1532 528 1663 568 debes
1684 527 1793 568 sicut

337 590 438 644 dixi,
468 607 602 649 usque
630 593 683 634 ad
718 593 978 635 altitudinem
1013 600 1214 651 quantam
1241 595 1435 636 volueris.
1498 595 1666 637 Deinde
1695 609 1792 636 cum

336 660 608 715 pertractorio
630 661 738 703 ferro
758 661 933 717 designa
953 677 1102 718 corpus
1122 663 1189 704 vel
1209 677 1387 718 corpora
1406 663 1652 719 imaginum,
1674 667 1716 703 et
1735 662 1793 703 ita

336 728 584 770 deducendo
597 734 640 769 et
658 728 866 770 interdum
886 729 1172 785 percutiendo,
1185 729 1368 771 elevabis
1388 744 1438 771 ea
1458 736 1663 786 quantum
1685 730 1792 771 libu-

339 796 439 849 erit;
470 797 551 838 hoc
573 802 715 838 tamen
742 811 969 852 procurans
990 803 1038 839 ut
1064 803 1192 853 caput
1220 813 1385 853 semper
1405 799 1459 840 sit
1484 799 1621 840 altius.
1686 798 1794 839 Post

339 863 430 904 haec
443 862 686 919 designabis
699 878 820 905 nares
836 870 879 905 et
893 865 1112 906 oculorum
1133 865 1367 921 supercilia,
1383 881 1432 907 os
1452 872 1495 907 et
1514 880 1649 916 aures,
1666 866 1794 921 capil-

327 932 414 983 los,
435 931 593 983 oculos,
614 945 763 972 manus
783 937 826 973 et
845 932 1030 984 brachia,
1059 938 1312 988 caeterasque
1332 933 1678 974 vestimentorum
1698 949 1792 974 um-

338 999 451 1049 bras,
483 999 663 1040 scabella
683 1004 726 1056 et
746 1000 888 1055 pedes,
919 1005 962 1041 et
982 1000 1042 1042 sic
1069 1000 1240 1042 interius
1270 1015 1367 1042 cum
1397 1001 1629 1042 minoribus
1657 1001 1794 1042 curvis

338 1066 456 1108 ferris
475 1066 658 1108 elevabis
689 1066 836 1108 leniter
855 1072 898 1108 et
916 1067 1150 1123 diligenter,
1181 1083 1448 1125 summopere
1468 1083 1622 1110 cavens
1643 1074 1690 1109 ut
1709 1082 1795 1109 non

339 1140 557 1190 rumpatur
585 1140 659 1176 aut
687 1134 930 1190 perforetur.
992 1135 1120 1184 Quod
1151 1136 1186 1177 si
1216 1151 1268 1177 ex
1297 1135 1534 1192 ignorantia
1561 1150 1634 1177 seu
1663 1135 1795 1191 negli-

340 1202 484 1258 gentia
504 1202 738 1258 contigerit,
768 1202 850 1244 hoc
871 1203 998 1245 modo
1026 1204 1194 1245 solidari
1222 1198 1361 1246 debet.
1419 1204 1537 1245 Tolle
1557 1203 1686 1259 ipsius
1707 1203 1795 1244 auri

339 1271 407 1312 vel
434 1270 594 1326 argenti
623 1270 849 1322 modicum,
877 1276 919 1312 et
945 1271 1128 1313 admisce
1157 1271 1321 1313 tertiam
1349 1278 1511 1328 partem
1538 1271 1668 1327 cupri,
1700 1270 1796 1311 fun-

339 1338 528 1396 densque
547 1338 700 1394 pariter
719 1338 885 1379 limabis
906 1339 1125 1391 subtiliter,
1142 1340 1445 1396 combustoque
1460 1339 1622 1380 viniceo
1643 1339 1796 1394 lapide,

340 1410 384 1446 et
417 1405 562 1446 addito
596 1406 685 1447 sale
719 1407 1010 1448 commiscebis
1046 1422 1170 1464 aqua,
1211 1422 1264 1448 ex
1299 1422 1383 1463 quo
1418 1406 1598 1448 tenuiter
1633 1406 1796 1457 liniens,

340 1474 565 1515 fracturam
582 1488 857 1530 supersparge
872 1475 1122 1516 limaturam.
1185 1475 1284 1523 Qua
1300 1475 1456 1516 siccata
1472 1475 1611 1516 denuo
1628 1475 1796 1516 confec-

339 1541 499 1583 tionem
526 1541 769 1596 superlinies
789 1542 974 1597 spissius,
1005 1551 1047 1583 et
1067 1543 1126 1584 sic
1147 1543 1316 1584 inferius
1338 1549 1379 1584 et
1399 1543 1587 1599 superius
1616 1542 1797 1583 admotis

341 1609 597 1651 carbonibus
625 1609 770 1650 leniter
797 1609 932 1661 flabis,
955 1610 1092 1652 donec
1113 1610 1257 1652 videas
1284 1611 1556 1652 solidaturam
1585 1611 1797 1652 deffluere.

343 1676 473 1726 Quod
501 1677 647 1719 videns
668 1677 812 1718 statim
833 1692 1010 1734 asperge
1030 1678 1177 1719 leniter
1196 1678 1321 1735 aqua,
1353 1684 1395 1720 et
1415 1679 1449 1720 si
1470 1679 1638 1719 firmum
1659 1678 1796 1729 fuerit,

341 1745 448 1787 bene
461 1762 472 1798 ;
514 1745 579 1787 sin
614 1751 769 1797 autem,
810 1746 950 1787 denuo
991 1746 1179 1787 similiter
1217 1746 1284 1788 fac
1318 1761 1452 1803 usque
1491 1747 1593 1788 dum
1630 1747 1798 1788 firmum

342 1814 480 1855 fuerit.
539 1812 584 1854 Si
608 1820 749 1855 autem
779 1814 964 1856 fractura
992 1814 1076 1855 lata
1105 1814 1241 1866 fuerit,
1271 1814 1493 1870 diligenter
1522 1815 1730 1871 conjunge
1761 1815 1797 1856 ei

340 1881 591 1938 particulam
621 1882 808 1938 ejusdem
835 1883 925 1923 auri
942 1883 1010 1924 'vel
1040 1882 1202 1938 argenti
1227 1882 1440 1939 aequaliter
1465 1889 1648 1933 tenuem,
1669 1897 1797 1938 quam

342 1950 465 1992 simili
478 1949 606 1991 modo
621 1950 836 2003 solidabis‚
850 1951 986 1993 donec
999 1966 1053 1992 ex
1070 1951 1183 1992 omni
1199 1957 1316 2006 parte
1332 1950 1554 1992 adhaereat.
1605 1949 1798 2007 Cumque

342 2019 555 2059 elevatura
572 2018 805 2074 imaginum
833 2019 1035 2075 perducta
1056 2019 1178 2060 fuerit
1204 2033 1337 2075 usque
1358 2018 1412 2059 ad
1433 2018 1606 2060 subtiles
1626 2024 1798 2070 tractus,

327 2086 378 2145 *si
398 2100 544 2127 aurum
575 2086 710 2139 fuerit,
742 2087 884 2128 statim
914 2086 1042 2128 facies
1072 2101 1145 2128 eos
1177 2092 1219 2127 et
1247 2086 1379 2142 polies
1409 2086 1642 2142 diligenter,
1673 2092 1798 2142 atque

343 2154 550 2196 colorabis
566 2169 663 2196 cum
684 2160 919 2196 atramento
935 2168 1069 2210 usque
1090 2154 1144 2195 ad
1165 2154 1362 2195 ruborem
1382 2155 1618 2206 combusto,
1635 2160 1677 2195 et
1697 2155 1798 2206 sale,

342 2228 391 2263 ut
411 2236 536 2277 supra
564 2222 608 2263 in
628 2237 754 2279 opere
783 2223 938 2264 calicis.
999 2222 1044 2263 Si
1065 2236 1164 2263 vero
1195 2227 1394 2278 argentea
1419 2221 1542 2263 fuerit
1570 2222 1726 2274 tabula,
1757 2229 1799 2264 et

343 2289 525 2331 volueris
544 2289 588 2330 in
607 2290 708 2345 ipsis
719 2290 973 2347 imaginibus
996 2290 1197 2332 deaurare
1217 2304 1408 2342 coronas,
1424 2290 1612 2345 capillos,
1629 2290 1796 2340 barbas,

343 2363 387 2398 et
406 2362 548 2413 partes
576 2357 935 2410 vestimentorum,
966 2358 1048 2399 hoc
1075 2363 1242 2413 oportet
1260 2357 1349 2398 fieri
1372 2357 1673 2414 prius—quam
1700 2357 1798 2398 sub-

343 2424 436 2466 tiles
459 2430 616 2466 tractus
644 2425 763 2477 fiant,
792 2425 873 2467 hoc
894 2426 1036 2467 modo.
1097 2425 1320 2481 Compone
1346 2426 1452 2466 duas
1476 2431 1615 2481 partes
1643 2425 1797 2481 argillae

344 2492 566 2548 simplices,
597 2493 801 2534 subtiliter
820 2493 941 2545 tritae,
972 2499 1015 2535 et
1034 2493 1199 2535 tertiam
1220 2493 1333 2545 salis,
1363 2498 1406 2534 et
1425 2493 1468 2533 in
1489 2493 1658 2534 vasculo
1677 2507 1797 2533 com-

345 2560 474 2603 misce
505 2575 601 2603 cum
622 2561 711 2603 fece
741 2561 926 2603 cervisiae
953 2561 1215 2603 mediocriter
1240 2561 1399 2617 spissae,
1429 2560 1515 2617 qua
1536 2560 1798 2602 confectione

1900 3027 1941 3202 mr
1914 2819 1938 3019 w›·3.5.›<·0,„*(-⁴
