1970 3202
289 261 383 315 286'
750 286 1003 314 THEOPHILI
1034 285 1171 313 LIBER
1202 285 1271 314 111.

288 401 384 442 quae
405 387 542 428 cauda
562 386 735 428 habebit
755 386 798 427 in
819 385 1058 426 summitate
1078 391 1204 440 caput
1223 384 1356 426 leonis
1377 383 1498 424 fusile
1518 388 1561 424 et
1588 383 1741 425 decen-

287 453 450 495 tissime
483 455 705 510 sculptum,
729 453 841 509 quod
875 459 1000 507 caput
1030 453 1187 494 tenebit
1216 452 1465 508 pelviculam
1492 451 1536 491 in
1557 465 1627 492 ore
1648 465 1740 491 suo.

288 520 477 562 Habebit
493 522 618 563 etiam
634 522 678 562 in
694 522 825 562 altera
839 520 1081 561 summitate
1098 526 1225 575 caput
1237 519 1360 561 simili
1374 518 1501 560 modo
1515 518 1741 572 sculptum,

286 589 330 629 in
349 589 467 644 cujus
489 604 559 630 ore
580 588 779 645 pendebit
799 589 962 638 anulus,
983 602 1057 643 per
1076 588 1233 628 inserto
1254 587 1387 642 digito
1418 585 1574 641 portari
1594 584 1741 640 possit.

289 656 470 713 Reliqua
490 671 588 697 vero
610 656 746 697 cauda
763 656 869 696 inter
889 655 973 696 duo
991 655 1131 710 capita
1152 654 1341 695 decorari
1357 653 1483 694 debet
1498 652 1653 707 nigello
1668 665 1743 707 per

287 724 394 776 loca,
415 730 457 765 et
477 738 549 778 per
578 724 672 765 loca
702 738 827 778 opere
857 723 967 763 fusili
996 728 1038 763 et
1058 722 1277 777 punctorio
1300 727 1342 762 et
1370 720 1515 761 litteris
1546 733 1742 760 versuum

288 790 451 831 exarari
471 791 514 830 in
535 805 610 832 suo
631 791 739 832 loco.
801 790 1016 831 Pelvicula
1037 803 1134 830 vero
1165 803 1259 845 quae
1279 788 1322 828 in
1343 786 1582 828 summitate
1602 792 1678 837 est,
1699 786 1742 826 in

289 857 429 898 medio
450 858 581 898 fundo
611 857 811 913 perforari
831 857 969 908 debet,
991 856 1211 897 latitudine
1241 856 1421 896 duorum
1441 853 1671 909 digitorum
1699 852 1743 892 in

288 924 558 975 rotunditate,
591 924 870 965 subtilissimis
906 924 1178 965 foraminibus
1219 938 1293 979 per
1325 937 1420 978 quae
1452 919 1579 961 colari
1619 918 1746 959 debet

289 991 432 1031 vinum
452 998 494 1032 et
513 1006 624 1048 aqua
650 992 693 1032 in
717 991 890 1032 calicem
923 991 1132 1046 ponenda,
1153 1005 1227 1046 per
1247 989 1397 1047 quam¹
1432 991 1743 1030 sacramentum

293 1057 507 1099 Dominici
528 1059 744 1115 sanguinis
766 1058 998 1100 conficitur.

685 1428 986 1491 CAPUT
1079 1427 1358 1490 LVIII.

861 1573 922 1600 DE
952 1572 1183 1600 AMPULLA.

377 1672 395 1713 I
418 1688 516 1715 vero
532 1673 711 1715 volueris
732 1673 959 1728 ampullam
973 1685 1223 1727 componere
1243 1671 1296 1712 ad
1313 1671 1572 1715 fundendum
1589 1674 1747 1727 vinum,

431 1746 600 1796 percute
631 1746 851 1796 argentum
883 1740 1033 1781 eodem
1066 1739 1206 1791 modo,
1237 1754 1322 1795 quo
1357 1740 1583 1795 percutitur
1612 1743 1749 1783 nodus

293 1808 411 1863 pedis
425 1808 468 1848 in
488 1808 630 1859 calice,
645 1813 821 1863 excepto
839 1808 953 1864 quod
970 1813 1112 1848 venter
1133 1808 1325 1862 ampullae
1341 1807 1473 1848 multo
1488 1808 1609 1850 latior
1624 1809 1750 1850 debet

294 1876 476 1927 formari,
509 1882 551 1917 et
583 1877 737 1917 collum
771 1876 860 1930 ejus
893 1884 1016 1931 su'per
1047 1875 1242 1916 incudem
1272 1876 1443 1931 longam
1478 1882 1520 1917 et
1550 1877 1748 1932 gracilem

296 1944 449 1984 malleo
471 1958 624 1984 corneo
642 1950 683 1985 et
703 1943 901 1984 mediocri
926 1944 1059 1984 ferreo
1081 1943 1207 1984 debet
1228 1943 1470 1999 constringi.
1532 1944 1748 1985 Interdum

294 2012 421 2052 etiam
450 2011 542 2066 ipsa
573 2011 771 2066 ampulla,
802 2025 898 2052 cum
928 2011 1101 2066 coeperit
1128 2011 1312 2062 formari,
1342 2010 1563 2066 impleatur
1592 2012 1688 2054 cera
1709 2018 1751 2054 et

295 2080 446 2120 malleo
468 2079 666 2119 mediocri
686 2079 819 2120 ferreo
841 2078 987 2119 leniter
1003 2078 1269 2134 percutiatur,
1285 2084 1332 2119 ut
1347 2079 1384 2119 ei
1399 2079 1632 2121 rotunditas
1647 2095 1749 2121 ven-

294 2147 368 2187 tris
405 2152 447 2187 et
481 2146 640 2202 effigies
676 2146 771 2187 colli
803 2146 1017 2187 decentius
1054 2152 1096 2187 et
1126 2147 1326 2202 aequalius
1362 2153 1537 2202 aptetur.
1599 2146 1750 2204 Sicque

294 2213 430 2269 ejecta
458 2213 554 2255 cera
583 2228 707 2268 super
737 2214 940 2255 carbones
969 2214 1119 2255 iterum
1151 2220 1413 2270 recoquatur,
1436 2222 1477 2256 et
1497 2216 1635 2257 denuo
1656 2229 1751 2256 cera

293 2281 546 2336 imponatur,
568 2296 617 2322 ac
638 2282 746 2322 sicut
767 2282 881 2337 prius
897 2283 1167 2337 percutiatur,
1189 2283 1324 2324 donec
1345 2283 1517 2324 omnino
1538 2283 1749 2324 formetur.

297 2348 395 2396 Quo
417 2348 528 2389 facto
550 2349 584 2389 si
602 2349 780 2389 volueris
800 2349 844 2389 in
863 2350 955 2404 ipsa
975 2350 1158 2404 ampulla
1172 2349 1375 2405 imagines
1397 2356 1469 2391 aut
1489 2350 1643 2392 bestias
1663 2350 1750 2391 sive

294 2416 421 2457 flores
452 2431 576 2471 opere
606 2416 753 2457 ductili
782 2416 934 2468 facere,
966 2431 1173 2472 compone
1202 2417 1246 2458 in
1275 2417 1419 2472 primis
1442 2418 1749 2459 confectionem

296 2497 349 2523 ex
371 2483 463 2539 pice
484 2489 526 2524 et
546 2498 642 2525 cera
663 2489 704 2524 et
724 2484 877 2539 tegula.

556 2620 564 2638 ¹
591 2621 692 2653 Codex
709 2621 852 2661 Guelpk„
869 2622 889 2637 “
901 2620 998 2660 quae,’'
1013 2621 1099 2652 habet
1108 2632 1122 2656 ;
1144 2621 1168 2652 i.
1180 2631 1203 2652 e.
1219 2621 1327 2652 vinum
1341 2626 1367 2653 et
1381 2633 1475 2663 aqua.
