1970 3202
279 287 358 327 148
746 301 995 328 THEOPHILI
1030 302 1166 329 mmm
1200 303 1248 330 11.

707 481 1010 543 CAPUT
1088 482 1289 543 XXV

706 631 764 656 DE
796 629 1056 658 FUNDENDIS
1087 631 1297 659 CALAMIS.

382 731 488 773 OST
508 733 596 774 haec
628 732 694 774 fac
723 734 799 774 tibi
828 734 957 774 larem
987 734 1056 775 ubi
1090 735 1306 789 plumbum
1328 734 1493 785 fundas,
1516 740 1557 775 et
1577 734 1619 774 in
1640 735 1726 774 lare

382 800 538 841 fossam
562 800 605 840 in
630 815 713 855 quo
739 815 871 855 ponas
898 806 1053 842 testam
1081 802 1175 842 ollae
1205 816 1418 857 magnam,
1449 815 1576 857 quam
1606 800 1726 841 linies

277 867 449 908 interius
473 873 515 908 et
543 868 724 909 exterius
748 867 894 923 argilla
917 883 1012 909 cum
1039 870 1140 910 fimo
1171 869 1383 911 macerata
1408 876 1455 910 ut
1481 868 1639 910 firmior
1660 869 1726 918 sit,

279 941 322 976 et
357 949 481 989 super
511 949 603 975 eam
639 936 844 977 accendes
878 936 1019 990 ignem
1052 937 1283 991 copiosum.
1345 936 1538 992 Cumque
1571 937 1727 977 siccata

279 1002 416 1054 fuerit,
436 1017 545 1058 pone
565 1003 784 1059 plumbum
801 1017 924 1058 super
943 1003 1083 1058 ignem
1104 1003 1213 1044 intra
1233 1009 1398 1055 testam,
1420 1010 1467 1044 ut
1482 1018 1578 1044 cum
1599 1003 1728 1059 lique-

281 1070 438 1112 factum
468 1069 590 1111 fuerit
618 1070 722 1111 fluat
750 1070 795 1111 in
825 1085 930 1111 eam.
995 1070 1167 1111 Interim
1193 1071 1382 1126 aperiens
1404 1070 1558 1111 ferrum
1579 1069 1729 1110 calami

282 1152 391 1194 pone
412 1152 534 1194 super
554 1138 770 1190 carbones,
791 1144 839 1179 ut
858 1138 1039 1179 calidum
1065 1139 1152 1190 fiat,
1174 1144 1215 1179 et
1234 1138 1393 1180 habeas
1412 1138 1572 1193 lignum
1594 1138 1729 1193 longi-

281 1205 439 1246 tudinis
469 1205 590 1246 unius
619 1205 742 1257 ulnae,
773 1206 887 1261 quod
918 1206 971 1246 sit
1001 1206 1044 1246 in
1071 1221 1158 1247 uno
1186 1206 1336 1262 capite,
1369 1221 1453 1262 quo
1481 1220 1609 1247 manu
1638 1212 1729 1246 ten-

283 1273 429 1324 ebitur,
450 1273 687 1324 rotundum,
708 1273 751 1313 in
767 1274 898 1314 altero
913 1288 1010 1315 vero
1027 1274 1198 1328 planum
1214 1280 1257 1314 et
1270 1275 1402 1315 latum
1418 1274 1473 1314 ad
1490 1287 1728 1314 mensuram

284 1346 461 1397 quatuor
487 1340 726 1397 digitorum,
751 1340 823 1381 ubi
846 1340 1053 1382 incidatur
1076 1341 1118 1380 in
1146 1347 1384 1382 transverso
1414 1355 1545 1397 usque
1569 1341 1611 1381 in
1640 1356 1730 1381 me—

284 1410 399 1450 dium
429 1408 658 1449 secundum
689 1407 950 1449 latitudinem
981 1408 1089 1459 ferri,
1121 1408 1162 1454 in
1193 1423 1319 1464 quam
1348 1409 1573 1450 incisuram
1593 1408 1730 1464 ipsum

284 1478 438 1518 ferrum
468 1476 648 1517 calidum
678 1482 721 1517 et
752 1476 795 1516 in
825 1490 870 1517 se
900 1476 1088 1517 clausum
1120 1490 1266 1531 pones,
1297 1482 1339 1517 et
1367 1476 1427 1517 ita
1455 1476 1500 1517 in
1531 1476 1731 1532 superiori

285 1550 401 1600 parte
422 1559 548 1585 manu
573 1543 785 1585 modicum
815 1543 970 1586 reflexa
998 1543 1172 1594 tenebis,
1203 1549 1258 1584 ut·
1270 1542 1452 1585 inferiori
1473 1551 1588 1599 parte
1609 1559 1733 1599 super

284 1619 439 1653 terram
459 1617 554 1663 stet,
574 1616 829 1667 acceptaque
859 1612 1031 1666 parvula
1056 1611 1207 1666 patella
1227 1611 1358 1652 ferrea
1379 1611 1593 1664 calefacta,
1614 1612 1732 1653 hauri

285 1680 552 1737 liquefactum
582 1679 802 1735 plumbum,
827 1685 868 1720 et
891 1679 1020 1720 funde
1039 1679 1083 1719 in
1105 1679 1270 1720 ferrum.
1332 1680 1390 1721 Et
1409 1680 1550 1721 statim
1571 1681 1734 1735 depone
1797 1706 1802 1710 -

286 1749 482 1805 patellam
503 1762 626 1802 super
645 1747 787 1802 ignem
807 1752 854 1788 ut
873 1761 1038 1802 semper
1057 1747 1111 1787 sit
1131 1747 1280 1798 calida,
1297 1748 1559 1804 ejectumque
1580 1748 1730 1789 sermm

286 1831 313 1858 a
339 1816 453 1872 ligno
474 1829 597 1870 super
623 1820 775 1856 terram
795 1814 909 1870 aperi
935 1829 1033 1856 cum
1062 1815 1240 1866 cultello,
1268 1820 1310 1856 et
1335 1815 1500 1867 eiciens,
1524 1816 1731 1857 calamum

286 1897 449 1925 rursum
481 1882 627 1923 claude
662 1888 704 1922 et
737 1896 891 1937 repone
925 1881 969 1922 in
1003 1882 1179 1938 lignum.
1241 1881 1285 1922 Si
1315 1888 1456 1924 autem
1486 1897 1571 1924 non
1601 1884 1735 1939 possit

287 1951 504 2007 plumbum
525 1950 633 1991 ferro
653 1949 839 1990 funditus
858 1949 1044 2001 influere,
1065 1949 1268 1991 calefacto
1289 1950 1435 1992 melius
1457 1950 1565 1992 ferro
1584 1951 1734 1993 iterum

287 2018 439 2069 funde3
465 2017 608 2073 sicque
627 2016 878 2072 temperabis
899 2017 1034 2058 donec
1050 2018 1217 2072 plenum
1238 2018 1326 2068 fiat,
1343 2018 1453 2074 quia,
1474 2017 1510 2059 si
1523 2019 1738 2074 aequaliter

287 2090 563 2141 temperatum
583 2083 718 2135 fuerit,
738 2083 782 2124 in
801 2099 886 2125 uno
906 2085 1043 2126 calore
1064 2085 1156 2140 plus
1177 2099 1303 2140 quam
1323 2085 1602 2141 quadraginta
1621 2086 1736 2128 cala-

289 2156 380 2197 mos
400 2151 572 2194 fundere
591 2152 758 2207 poteris.

713 2502 1008 2564 CAPUT
1083 2501 1339 2563 XXVL

758 2649 818 2677 DE
849 2648 985 2676 LIGNO
1017 2647 1272 2676 INFUSORIO.

400 2747 530 2789 UOD
553 2749 586 2789 si
608 2749 761 2790 ferrum
790 2763 875 2790 non
891 2723 1109 2800 habueris,
1134 2748 1326 2804 perquire
1346 2747 1421 2788 tibi
1442 2747 1602 2803 lignum
1623 2747 1739 2789 abie-

447 2816 580 2856 tinum
606 2817 670 2857 vel
700 2816 824 2866 aliud,
855 2816 970 2872 quod
1002 2815 1215 2871 aequaliter
1245 2815 1348 2855 findi
1379 2814 1523 2869 possit,
1555 2814 1736 2871 longitu-

291 2884 412 2934 dinis,
442 2883 673 2924 latitudinis
702 2888 744 2927 et
774 2882 1051 2938 spissitudinis
1079 2888 1126 2923 ut
1146 2897 1283 2938 supra,
1303 2882 1415 2938 quod
1438 2883 1581 2922 fissum
1602 2882 1738 2922 incide
