1970 3202
288 246 343 287 44
777 263 1030 292 'rnnopmm
1060 265 1197 293 mmm
1227 266 1257 294 1.

288 361 385 402 inde
405 362 581 402 tortulas
602 361 644 402 in
666 363 976 405 similitudinem
997 366 1131 420 panis,
1154 365 1405 421 mittensque
1426 379 1496 406 eas
1523 364 1565 404 in
1586 364 1738 419 ignem,

289 428 378 469 sine
407 429 541 470 donec
572 430 745 474 omnino
784 431 1054 473 candescant.
1118 431 1353 488 Postquam
1383 437 1480 473 ante
1509 431 1739 472 diutissime

288 495 546 548 canduerint,
568 502 610 537 et
639 503 785 552 postea
806 498 1035 554 friguerint,
1058 498 1178 540 mitte
1208 499 1307 540 inde
1328 505 1489 555 partem
1509 500 1551 540 in
1571 513 1646 540 vas
1666 500 1740 539 fic-

286 563 371 615 tile,
385 563 638 619 perfundens
654 564 790 617 urina,
805 570 847 606 et
860 580 983 607 move
998 566 1127 622 ligno.
1168 566 1360 623 Cumque
1376 566 1575 608 resederit
1589 566 1739 617 lucide,

287 630 491 685 perfunde
520 631 618 673 inde
648 633 822 673 rubeum
854 632 1014 685 folium,
1045 638 1087 674 et
1121 639 1259 675 terens
1289 634 1390 675 illud
1423 634 1587 675 modice
1617 647 1741 688 super

289 697 485 754 lapidem,
517 699 627 740 adde
651 699 689 740 ei
714 705 907 756 quartam
931 705 1093 756 partem
1114 700 1218 741 vivae
1239 701 1378 753 calcis,
1400 707 1442 743 et
1473 716 1569 743 cum
1596 700 1741 742 tritum

287 764 410 806 fuerit
429 766 751 821 aqsufficienter
766 767 993 822 perfusum,
1010 766 1103 808 col'a
1124 767 1226 808 illud
1247 782 1320 823 per
1341 783 1540 823 pannum,
1562 774 1604 810 et
1623 767 1741 809 trahe

287 846 384 873 cum
405 832 580 887 pincello
600 833 673 874 ubi
692 834 873 875 volueris
894 839 1032 886 tenue,
1053 835 1204 876 deinde
1224 836 1410 891 spissius.
1472 835 1530 876 Et
1551 836 1585 877 si
1605 836 1742 891 placet

287 899 598 940 similitudinem
638 901 753 955 pallii
786 901 830 941 in
860 901 1016 957 pagina
1045 902 1182 944 facere
1212 917 1419 958 purpureo
1450 903 1562 954 folio,
1592 903 1740 944 eodem

285 972 615 1022 temperamento
646 968 734 1009 sine
763 969 878 1010 calce
907 969 1090 1024 perfuso,
1121 969 1246 1025 pinge
1277 969 1417 1024 penna
1447 970 1558 1025 prius
1582 970 1632 1017 ,in
1651 970 1742 1025 ipsa

286 1034 442 1090 pagina
471 1034 605 1076 nodos
635 1035 700 1076 vel
729 1035 919 1088 circulos,
951 1041 993 1077 et
1023 1036 1196 1077 interius
1235 1051 1335 1077 aves
1370 1036 1457 1078 sive
1486 1036 1641 1078 bestias
1671 1042 1743 1078 aut

289 1102 412 1154 folia3
445 1106 487 1142 et
507 1116 602 1143 cum
627 1102 784 1144 siccum
818 1103 954 1155 fuerit,
975 1103 1095 1145 linies
1122 1118 1196 1160 per
1225 1104 1367 1145 omnia
1401 1105 1576 1146 rubeum
1597 1105 1741 1146 folium

287 1175 426 1220 tenue,
458 1169 608 1210 deinde
637 1170 822 1225 spissius,
857 1176 900 1212 et
931 1171 1055 1213 tertio
1087 1172 1121 1213 si
1156 1172 1210 1213 sit
1236 1186 1366 1228 opus;
1398 1187 1448 1213 ac
1472 1173 1743 1228 postmodum

290 1238 407 1278 linies
428 1237 606 1293 desuper
626 1243 751 1279 tenue
763 1244 881 1280 vetus
896 1239 1068 1291 clarum,
1090 1239 1179 1280 sine
1195 1254 1304 1296 aqua
1319 1254 1574 1296 percussum.
1637 1240 1743 1282 Pur-

289 1320 463 1362 pureum
490 1305 636 1347 folium
667 1312 709 1347 et
734 1306 972 1362 saphireum
998 1321 1085 1348 non
1116 1312 1238 1359 teres,
1264 1307 1337 1348 sed
1361 1308 1565 1363 perfunde
1594 1308 1742 1349 eodem

288 1380 616 1428 temperamento
641 1374 685 1416 in
713 1375 877 1416 concha
916 1374 1005 1415 sine
1032 1375 1161 1426 calce,
1190 1380 1233 1415 et
1266 1389 1390 1416 move
1414 1374 1543 1431 ligno,
1574 1381 1615 1416 et
1646 1390 1743 1417 cum

289 1455 363 1496 per
412 1447 580 1483 noctem
620 1435 791 1494 steterit,
839 1443 882 1482 in
918 1442 1146 1483 crastinum
1190 1456 1300 1497 pone
1350 1443 1744 1500 quomodocumque

288 1509 467 1550 volueris
486 1510 606 1552 linies
635 1511 747 1551 claro
778 1510 980 1566 superius.-
1042 1509 1306 1552 Vestimenta
1337 1524 1506 1565 quoque
1533 1516 1576 1552 et
1601 1510 1743 1552 omnia

288 1592 382 1634 quae
402 1577 499 1618 folio
520 1583 562 1619 et
589 1578 747 1619 carmin
775 1578 970 1634 pinxeris,
1004 1578 1115 1619 claro
1144 1577 1401 1633 superlinies.
1461 1577 1634 1620 Cineres
1668 1593 1743 1620 au·-

289 1652 374 1688 tem
395 1651 552 1697 coctos,
573 1645 646 1701 qui
665 1645 950 1697 remanserint,
973 1659 1138 1686 servare
1158 1645 1230 1686 diu
1252 1645 1407 1701 poteris
1427 1645 1571 1688 siccos.

651 1898 965 1998 CAPUT
1041 1934 1372 1998 xxxvi

849 2081 910 2108 DE
941 2079 1184 2109 CENOBRIO·

372 2178 391 2219 I
425 2178 635 2220 desideras
670 2179 912 2221 cenobrium
944 2194 1207 2235 componere,
1247 2180 1368 2221 tolles
1401 2179 1587 2235 sulphur,
1623 2179 1743 2234 cujus

398 2252 495 2287 sunt
514 2246 592 2287 tria
615 2261 782 2302 genera,
804 2248 962 2299 album,
982 2247 1150 2303 nigrum
1185 2252 1228 2288 et
1257 2261 1465 2299 croceum,
1486 2246 1599 2302 quod
1631 2246 1742 2287 fran-

290 2327 393 2369 gens
413 2327 537 2368 super
556 2313 738 2369 lapidem
766 2303 937 2366 siccum,
959 2314 1068 2355 adde
1095 2314 1133 2355 ei
1162 2314 1268 2355 duas
1295 2319 1434 2370 partes
1457 2314 1540 2354 vivi
1567 2315 1742 2370 argenti,

289 2396 408 2439 aequo
429 2381 613 2436 pondere
634 2386 825 2434 staterae3
858 2387 900 2423 et
923 2396 1019 2423 cum
1047 2381 1286 2438 diligentius
1313 2381 1540 2433 miscueris,
1561 2381 1679 2422 mitte
1698 2382 1742 2422 in

287 2449 462 2491 vitream
483 2450 721 2505 ampullam,
742 2449 986 2505 cooperiens
1017 2463 1110 2490 eam
1135 2463 1187 2490 ex
1216 2449 1331 2491 omni
1366 2454 1485 2505 parte
1513 2449 1671 2504 argilla,
1701 2454 1743 2490 et

290 2531 337 2558 os
358 2517 542 2568 obstrue,
562 2532 614 2558 ne
635 2516 774 2558 fumus
795 2522 930 2569 exeat,
948 2522 990 2558 et
1009 2531 1119 2572 pone
1139 2531 1232 2558 eam
1253 2517 1307 2558 ad
1322 2518 1465 2573 ignem
1486 2522 1534 2557 ut
1552 2517 1741 2558 siccetur.

291 2584 457 2626 Deinde
491 2599 601 2640 pone
642 2598 734 2625 eam
766 2584 874 2625 inter
922 2584 1127 2626 carbones
1174 2584 1381 2637 ardentes,
1414 2589 1457 2625 et
1499 2598 1598 2625 mox
1645 2599 1741 2625 cum

289 2652 460 2709 coeperit
479 2652 672 2703 calefieri,
693 2651 837 2693 audies
858 2651 1068 2707 fragorem
1093 2644 1279 2704 interius,
1300 2652 1514 2708 quomodo
1535 2666 1579 2692 se
1600 2651 1740 2692 vivum

289 2724 507 2776 argentum
554 2718 799 2760 commiscet
838 2719 1002 2760 ardenti
1033 2719 1242 2776 sulphuri3
1290 2726 1332 2761 et
1364 2734 1461 2761 cum
1489 2733 1617 2760 sonus
1651 2733 1740 2760 ces—

290 2788 454 2840 saverit,
475 2787 615 2828 statim
638 2786 739 2842 ejice
761 2787 988 2842 ampullam
1011 2792 1052 2828 et
1072 2787 1260 2843 aperiens
1281 2788 1380 2829 tolle
1401 2788 1596 2830 colorem.
