1970 3202
310 268 337 309 2
347 268 401 309 72
767 260 1021 309 'rnnopmm
1054 281 1192 308 LIBER
1223 281 1294 309 111.

312 380 510 437 Cumque
529 381 776 436 imposueris
798 381 993 437 smigma,
1013 381 1241 423 commisce
1269 381 1502 437 diligenter,
1522 396 1769 439 ponensque

311 463 437 504 super
457 464 612 505 prunas
634 449 786 505 pariter
807 450 1005 490 combure
1027 449 1187 491 fortiter
1208 463 1258 490 ac
1289 449 1428 491 denuo
1448 456 1547 490 tere.
1610 449 1770 491 Postea

311 531 364 557 ex
385 517 580 559 anteriori
601 532 700 558 vase
721 517 850 558 funde
881 517 1062 558 lexivam
1082 517 1126 557 in
1145 517 1263 569 illud,
1286 518 1328 558 in
1355 532 1441 572 quo
1462 523 1527 558 est
1556 517 1706 573 pulvis,
1727 523 1772 559 et

312 585 540 626 commisce
560 591 689 640 atque
703 584 769 625 fac
790 584 937 625 bullire
959 584 1043 635 diu,
1057 590 1099 625 et
1119 599 1216 625 cum
1238 584 1435 640 frigidum
1453 584 1575 625 fuerit
1595 585 1771 626 refunde

312 652 434 693 simul
452 667 548 693 cum
571 653 740 707 pulvere
761 652 831 692 ubi
854 652 967 708 prius
988 658 1091 703 erat,
1106 652 1179 693 ubi
1199 652 1326 693 etiam
1343 658 1524 708 quatuor
1544 652 1771 708 particulas

312 719 429 774 cupri
469 719 675 775 impones,
716 734 790 775 per
830 734 935 775 quas
976 720 1297 762 commisceatur
1337 720 1473 774 pulvis
1513 734 1586 775 per
1627 721 1771 761 omnia

312 786 505 841 quotiens
525 787 716 828 volueris.
777 786 873 828 Hac
890 787 1156 827 confectione
1176 786 1378 827 solidatur
1393 801 1542 827 aurum
1558 793 1601 827 et
1620 801 1771 842 argen-

312 858 427 904 tum;
459 854 532 894 sed
567 855 610 894 in
642 854 861 896 solidando
895 868 997 895 auro
1030 859 1347 895 commoveatur
1379 854 1530 910 pulvis,
1563 860 1611 895 ut
1644 868 1772 910 supra

313 920 472 961 dictum
493 927 570 972 est,
592 921 635 962 in
655 927 832 977 argento
854 936 952 963 vero
975 921 1199 963 solidando
1217 936 1304 963 non
1324 928 1558 964 moveatur.

767 1233 1072 1296 CAPUT
1148 1233 1315 1295 LII.

620 1380 680 1407 DE
711 1381 984 1409 IMPONENDA
1015 1379 1300 1409 SOLIDATURA
1330 1380 1466 1408 AURO.

315 1476 487 1576 HIS
500 1478 558 1520 ita
571 1480 817 1536 compositis
831 1481 975 1536 accipe
991 1480 1084 1521 illas
1100 1480 1207 1521 duas
1220 1485 1360 1535 partes
1373 1478 1476 1530 auri,
1490 1478 1641 1534 quibus
1656 1479 1765 1520 auri-

449 1547 564 1588 culas
574 1547 585 1566 ¹
604 1548 810 1600 formasti,
833 1554 875 1589 et
890 1563 999 1604 pone
1014 1562 1156 1588 coram
1172 1553 1214 1588 te
1229 1561 1504 1603 gemmasque
1518 1561 1624 1603 quas
1631 1547 1767 1603 impo-

310 1627 408 1655 nere
422 1615 615 1667 volueris,
629 1630 739 1671 pone
755 1631 880 1671 super
898 1630 983 1667 eas,
996 1621 1040 1676 et
1050 1615 1299 1671 margaritas
1309 1614 1337 1666 ²,
1358 1629 1702 1671 unamquamque
1723 1615 1763 1656 in

311 1696 387 1723 suo
402 1683 508 1724 loco.
539 1683 706 1725 Deinde
718 1690 887 1740 percute
901 1699 1048 1725 aurum
1062 1683 1215 1739 gracile
1228 1688 1270 1724 et
1281 1683 1469 1739 longum,
1484 1688 1526 1723 et
1538 1682 1656 1724 trahe
1668 1682 1766 1725 inde

310 1750 381 1791 fila
402 1765 563 1806 grossa,
585 1752 811 1793 mediocria
832 1758 874 1793 et
906 1751 1087 1803 subtilia,
1110 1756 1151 1792 et
1179 1751 1280 1792 lima
1300 1765 1351 1792 ea
1378 1751 1488 1792 ferro
1509 1751 1765 1806 supradicto,

308 1818 368 1860 ita
400 1825 447 1860 ut
477 1820 519 1860 in
541 1822 600 1862 eis
621 1835 754 1876 grana
786 1821 1031 1862 formentur.
1093 1820 1258 1869 Quibus
1290 1820 1481 1872 recoctis,
1502 1821 1693 1877 repositis
1723 1827 1766 1863 et

309 1889 517 1944 colligatis
548 1889 814 1944 singulariter
846 1890 1039 1946 gemmis,
1072 1895 1235 1945 partem
1271 1889 1443 1945 majoris
1483 1889 1557 1940 fili,
1598 1890 1764 1946 aptabis

309 1970 406 1996 cum
428 1956 585 2011 forcipe
607 1957 761 2008 subtili,
783 1957 893 1999 circa
914 1972 1031 1998 oram
1053 1957 1163 1998 auris
1183 1957 1225 1997 in
1246 1957 1433 2012 utrisque
1464 1957 1652 2012 partibus
1670 1957 1763 2009 illis,

309 2030 351 2065 et
372 2039 467 2065 cum
501 2024 659 2080 forcipe
691 2025 888 2067 incisorio
909 2025 1037 2066 facies
1067 2025 1358 2066 subtilissimas
1388 2025 1591 2067 incisuras
1610 2026 1655 2067 in
1684 2026 1763 2067 cir-

308 2092 435 2145 cuitu,
448 2092 602 2149 quibus
622 2093 892 2135 confirmabis
912 2093 1002 2148 ipsa
1022 2093 1094 2134 fila
1109 2107 1162 2134 ne
1182 2093 1348 2144 cadant,
1365 2093 1501 2135 donec
1521 2094 1761 2136 solidentur.

311 2160 591 2202 Postmodum
632 2162 775 2217 accipe
814 2167 976 2217 partem
1017 2161 1106 2202 auri
1135 2167 1304 2202 tenuem
1344 2166 1387 2203 et
1431 2161 1571 2217 ligneo
1610 2163 1762 2205 malleo

307 2235 530 2284 aequatam,
551 2235 592 2269 et
624 2230 786 2270 colloca
807 2244 932 2285 super
964 2243 1057 2270 eam
1079 2229 1153 2269 fila
1184 2228 1413 2270 mediocria
1441 2230 1619 2270 multum
1648 2230 1762 2272 ordi-

307 2296 453 2347 natim,
470 2296 528 2337 ita
547 2303 595 2337 ut
614 2312 700 2338 non
721 2293 809 2338 sibi*
821 2297 1076 2348 adhaereant,
1097 2296 1171 2337 sed
1192 2296 1377 2337 habeant
1397 2297 1533 2353 spatia
1551 2298 1661 2339 inter
1689 2313 1758 2350 se3

306 2365 350 2405 in
383 2365 692 2407 summitatibus
713 2380 856 2406 eorum
878 2365 983 2405 fiant
1009 2365 1181 2405 subtiles
1212 2364 1404 2405 incisurae
1424 2365 1467 2405 in
1498 2365 1612 2406 tenui
1641 2380 1759 2418 auro,

306 2432 460 2488 quibus
495 2432 691 2488 ligentur.
751 2433 1024 2488 Acceptoque
1044 2432 1215 2473 vasculo
1247 2432 1290 2472 in
1311 2447 1396 2488 quo
1417 2438 1482 2473 est
1514 2433 1759 2486 solidatura,

307 2506 484 2541 concute
505 2501 681 2552 fortiter,
701 2507 749 2542 ut
768 2500 1087 2542 commisceatur
1107 2500 1255 2555 pulviS,
1277 2506 1319 2541 et
1339 2515 1435 2541 cum
1455 2515 1596 2556 penna
1614 2501 1760 2557 gracili

305 2569 423 2610 linies
444 2569 579 2624 ipsam
601 2568 872 2610 solidaturam
894 2582 1018 2623 super
1046 2582 1194 2609 aurum
1224 2568 1326 2609 illud
1348 2574 1390 2608 et
1419 2582 1544 2624 super
1563 2569 1634 2610 fila
1666 2569 1760 2611 dili-

306 2643 453 2693 genter
474 2652 548 2693 per
568 2637 723 2689 omnia,
745 2637 969 2692 mittesque
989 2636 1032 2676 in
1062 2635 1204 2692 ignem
1225 2642 1350 2692 atque
1380 2636 1568 2678 sufflabis
1589 2637 1686 2678 folle
1716 2643 1759 2678 et

479 2770 489 2789 ¹
512 2769 623 2802 vitiose
638 2772 818 2803 “auriculas
829 2771 861 2810 ;”
883 2772 920 2802 in
938 2773 1012 2803 C'od.
1030 2772 1159 2813 Guelph.
1182 2773 1203 2788 “
1214 2770 1408 2810 auriculam?
1423 2771 1553 2804 videtur.

478 2825 491 2842 ¹
513 2827 534 2842 “
548 2826 700 2865 martias,”
714 2837 736 2858 a
749 2827 850 2858 scriba
855 2824 946 2865 falso
955 2826 1099 2867 ponitur.
