1970 3202
316 263 401 305 406
785 279 1039 308 Tqurmm
1071 280 1210 308 mnan
1241 281 1312 308 111.

758 447 1065 511 CAPUT
1145 448 1382 512 CXL·

507 590 569 617 DE
599 591 746 620 OUPRO
777 592 933 620 FELLIS
964 593 1254 621 PINGUEDINE
1287 590 1587 621 DEAURANDO.

319 686 463 795 EX
486 687 592 729 fellis
612 688 867 744 pinguedine
894 690 929 731 si
950 705 1127 746 cuprum
1147 690 1298 746 quaeris
1319 689 1520 730 deaurare
1539 687 1640 728 illud
1661 686 1775 743 prius

476 757 643 797 cultello
664 757 777 808 rade,
798 771 848 798 ac
878 757 1030 798 deinde
1059 772 1154 798 cum
1185 757 1328 798 ursino
1350 757 1475 798 dente
1496 755 1650 797 festina
1669 754 1775 796 luci-

317 821 420 863 dum
439 811 598 875 face1e3
630 830 673 865 et
694 824 775 865 hoc
805 825 933 877 facto,
955 825 1063 866 fellis
1094 825 1391 881 pinguedinem
1412 839 1537 880 super
1555 823 1659 864 illud
1679 837 1776 864 cum

319 889 497 945 pincello
518 890 652 932 facete
682 892 815 944 trahe,
846 907 1027 948 cumque
1057 893 1216 934 siccata
1245 893 1368 934 fuerit
1387 891 1537 934 iterum
1558 898 1685 947 atque
1705 891 1780 932 ite-

320 972 413 998 rum
442 959 574 1010 trahe,
599 974 724 1015 super
743 960 853 1002 hanc
879 961 1057 1002 eandem
1083 961 1396 1016 pinguedinem,
1427 966 1469 1002 et
1489 974 1591 1001 cave
1611 974 1664 1000 ne
1685 959 1778 1015 plus

316 1026 459 1067 trahas
490 1027 712 1082 pincellum
745 1028 789 1069 in
821 1044 952 1069 unum
984 1030 1126 1070 locum
1158 1044 1290 1086 quam
1321 1029 1364 1070 in
1397 1029 1587 1079 alterum,
1620 1027 1693 1069 sed
1726 1027 1780 1068 sit

319 1095 532 1151 aequaliter
561 1096 667 1137 fellis
697 1097 858 1153 liquore
888 1104 1149 1153 coopertum.
1210 1098 1278 1138 Ne
1307 1097 1383 1139 tibi
1405 1097 1596 1138 videatur
1626 1096 1778 1137 falsum

320 1154 436 1218 quod
462 1163 571 1214 dico,
601 1163 674 1219 qui
698 1164 809 1205 hanc
829 1171 962 1206 artem
985 1180 1128 1208 veram
1149 1180 1243 1208 esse
1264 1165 1453 1222 probavi,
1479 1171 1608 1221 atque
1633 1163 1780 1206 auxili-

319 1236 418 1272 ante
437 1231 532 1283 deo,
553 1231 625 1288 qui
646 1231 741 1273 fons
762 1238 826 1274 est
846 1233 1078 1289 sapientiae,
1100 1234 1350 1290 excogitavi.

613 1518 674 1545 DE
705 1517 1080 1546 TEMPERAMENTO
1111 1518 1285 1547 VESICAE
1315 1519 1480 1548 ESCINI.

323 1615 661 1714 VESICAM
702 1616 877 1658 husonis
916 1616 1117 1658 mollifica
1146 1616 1189 1657 in
1221 1631 1333 1673 aqua
1371 1617 1507 1659 donec
1546 1632 1640 1659 eam
1674 1618 1783 1660 inter

459 1698 609 1725 manus
640 1684 864 1739 pinsando,
893 1699 945 1726 ex
980 1699 1031 1725 ea
1066 1684 1198 1726 facias
1233 1684 1355 1740 quasi
1383 1691 1585 1738 cerotum,
1605 1691 1648 1727 et
1681 1691 1782 1727 tunc

321 1754 440 1794 mitte
455 1767 549 1793 eam
570 1752 613 1793 in
629 1753 755 1793 ollam
775 1752 819 1793 in
839 1751 1176 1808 limpidissimam
1193 1766 1362 1808 aquam,
1378 1758 1421 1793 et
1440 1767 1549 1808 pone
1565 1754 1620 1794 ad
1641 1753 1782 1795 focum

321 1828 369 1863 ut
388 1837 474 1864 non
493 1822 664 1874 bulliat3
696 1822 772 1863 sed
793 1828 959 1863 tantum
989 1822 1176 1863 calorem
1196 1822 1353 1864 habeat
1372 1828 1420 1864 ut
1436 1822 1719 1879 liquefactam,
1738 1822 1783 1864 in

322 1905 477 1947 aquam
513 1895 792 1931 convertatur.
850 1886 964 1931 Dein
998 1891 1093 1931 cola
1126 1904 1219 1930 eam
1254 1904 1328 1945 per
1356 1890 1561 1931 mundum
1594 1905 1783 1946 pannum

322 1958 366 1999 in
386 1958 553 2014 pelvim,
585 1964 627 1999 et
646 1957 737 1999 sine
767 1957 883 2014 quod
902 1957 947 1998 in
967 1957 1122 2013 frigido
1149 1957 1245 1998 loco
1265 1957 1320 1998 ad
1342 1962 1515 1998 ventum
1543 1958 1720 2000 accedat
1737 1963 1787 2000 ut

324 2026 445 2082 quasi
473 2027 680 2082 coagulet.
742 2025 854 2067 Cum
884 2025 1063 2082 digitum
1103 2038 1229 2080 super
1262 2039 1425 2080 ponens
1453 2025 1709 2081 inpresseris,
1749 2027 1785 2069 si

323 2094 461 2148 viscus
482 2094 636 2135 resistit
656 2099 699 2135 et
718 2093 773 2134 ab
794 2093 864 2134 illa
883 2092 1159 2149 impressione
1178 2106 1264 2134 non
1285 2092 1504 2149 frangitur,
1530 2094 1709 2150 liquefac
1729 2095 1785 2137 ad

321 2164 478 2219 ignem,
508 2170 550 2204 et
567 2163 698 2204 funde
719 2176 843 2217 super
862 2175 1010 2202 aurum
1032 2166 1074 2201 et
1093 2173 1264 2215 operare
1284 2159 1327 2200 in
1348 2165 1471 2215 stupa
1491 2160 1616 2202 nim1s
1635 2161 1784 2203 calida.

325 2231 370 2273 Si
391 2238 533 2273 autem
553 2231 693 2272 viscus
714 2230 839 2271 nimis
860 2233 1093 2270 crassescat
1116 2227 1293 2268 admitte
1314 2241 1461 2283 parum
1483 2241 1606 2284 aquae
1623 2233 1666 2269 et
1685 2243 1786 2284 ope-

325 2315 428 2342 rare.
489 2299 534 2341 Si
554 2305 695 2341 autem
715 2291 815 2340 tam*
833 2298 970 2339 mollis
991 2297 1045 2338 sit
1064 2295 1179 2352 quod
1199 2310 1286 2337 non
1306 2296 1441 2351 possit
1468 2296 1785 2352 impressionem

325 2367 445 2424 digiti
465 2373 712 2418 sustentare,
725 2380 859 2422 coque
886 2365 1037 2406 melius
1057 2364 1112 2405 ad
1132 2363 1275 2419 ignem
1295 2363 1417 2406 facile
1436 2364 1591 2420 poteris
1609 2370 1652 2406 et
1670 2364 1785 2406 hunc

324 2436 486 2476 viscum
507 2435 675 2487 *mollire
695 2434 863 2474 firmum
884 2433 1035 2473 facere.
1097 2431 1328 2487 Nunquam
1349 2431 1509 2486 gummi
1528 2432 1662 2474 addas
1682 2446 1785 2474 auro

326 2504 391 2545 vel
411 2503 504 2544 aliis
533 2501 740 2543 metallis:
774 2501 887 2542 Nam
919 2499 1002 2540 cito
1023 2499 1148 2540 cadet
1167 2499 1384 2555 quidquid,
1413 2499 1457 2540 id
1477 2500 1629 2556 gravis,
1659 2515 1712 2542 ex
1733 2516 1784 2543 eo

326 2571 577 2627 glutinatum
597 2569 687 2621 erit,
718 2567 906 2624 exceptis
926 2566 1148 2617 coloribus,
1178 2566 1251 2622 qui
1271 2566 1398 2608 etiam
1418 2581 1504 2608 non
1524 2569 1784 2624 perstabunt,

327 2638 405 2679 nisi
426 2638 584 2696 optime
603 2641 872 2678 conterantur
890 2640 933 2675 et
952 2633 1195 2675 tenuissime
1216 2633 1331 2675 libris
1351 2634 1590 2677 illiniantur.

865 2729 875 2748 ¹
899 2731 921 2747 “
933 2728 1047 2761 Eraclii
1058 2728 1075 2741 ’'
1089 2739 1158 2770 cap.
1174 2734 1223 2760 est.
