1970 3202
291 255 375 296 408
759 271 1017 298 THEOPHILI
1050 272 1190 300 mmm
1220 273 1292 302 111.

620 435 681 464 DE
712 435 858 463 SIGNIS
891 437 1243 466 INVESTIGANDAE
1273 439 1422 471 AQUAE.

296 519 529 619 SIGNA
543 522 848 579 investigandae
865 539 984 580 aquae
1000 525 1243 580 hujusmodi
1260 525 1540 566 inveniuntur.
1593 524 1747 566 Tenuis

414 589 585 645 juncus,
602 590 716 631 Salix
733 590 971 643 erraticus¹,
987 592 1129 644 Vitex,
1150 593 1299 644 Alnus,
1322 592 1541 644 Harundo,
1565 591 1751 643 Hedera,

294 655 387 697 aliae
399 672 567 713 quoque
580 673 675 713 quae
684 658 772 698 sine
781 658 955 700 humore
968 660 1084 700 nasci
1098 674 1183 701 non
1194 665 1381 715 possunt.
1413 659 1596 708 Quando
1611 665 1752 700 autem

294 724 338 764 in
359 725 519 765 lacunis
541 725 692 766 similia
713 731 941 766 nascuntur
962 726 1081 767 facile
1103 727 1167 767 his
1189 728 1443 768 credendum
1465 733 1540 769 est.
1603 727 1754 782 Itaque

295 791 354 832 sic
367 791 632 833 inventiones
647 807 767 848 aquae
781 793 1000 847 probabis3
1028 794 1210 835 fodiatur
1222 798 1321 851 ergo
1336 795 1409 836 ubi
1422 795 1514 836 haec
1528 794 1650 850 signa
1663 794 1753 835 fue-

294 858 376 898 rint
395 858 566 900 inventa
586 874 639 900 ne
660 860 798 901 minus
815 860 858 900 in
878 861 1141 902 latitudinem
1159 863 1288 917 pedes
1305 868 1402 911 tres,
1433 862 1474 901 in
1491 861 1753 902 altitudinem

295 926 493 982 quinque,
516 933 558 968 et
578 927 688 969 circa
709 929 808 969 solis
831 943 1043 980 occasum,
1061 943 1136 970 vas
1157 929 1391 986 plumbum,
1414 934 1554 969 autem
1575 943 1752 980 aeneum,

295 995 512 1046 mundum,
532 995 781 1038 intrinsecus
807 1003 1023 1052 punctum,
1045 998 1138 1038 oleo
1163 997 1207 1038 in
1236 1011 1364 1038 unam
1390 997 1597 1038 fossuram
1618 996 1754 1037 inver-

295 1076 389 1102 sum
410 1063 648 1114 collocetur,
670 1079 878 1120 supraque
899 1065 1104 1105 fossuram
1127 1065 1344 1106 frondibus
1366 1066 1431 1106 vel
1452 1064 1754 1106 harundinibus

297 1129 434 1171 missis
453 1136 564 1172 terra
583 1132 817 1173 inducatur.
876 1125 989 1173 ’Item
1007 1132 1088 1174 alia
1104 1132 1171 1173 die
1191 1133 1414 1188 aperiatur,
1435 1132 1469 1174 si
1491 1132 1662 1174 sudores
1683 1138 1757 1173 aut

296 1197 446 1239 fistulae
474 1199 750 1251 inveniantur,
779 1200 814 1240 is
842 1201 959 1241 locus
986 1200 1074 1241 sine
1100 1200 1362 1242 dubitatione
1389 1215 1545 1256 aquam
1569 1200 1754 1242 habebit.

299 1264 406 1306 Item
423 1266 456 1307 si
465 1280 551 1318 vas,
566 1281 621 1307 ex
635 1273 761 1320 creta,
775 1267 933 1308 siccum
946 1283 1031 1309 non
1046 1275 1227 1320 coctum,
1242 1269 1389 1310 eadem
1403 1268 1564 1310 ratione
1571 1268 1754 1323 positum

298 1339 339 1374 et
352 1339 540 1389 opertum
559 1334 693 1386 fuerit,
711 1335 745 1376 si
760 1336 794 1376 is
808 1337 925 1376 locus
942 1351 1096 1392 aquam
1110 1336 1296 1388 habebit,
1314 1336 1396 1377 alia
1410 1336 1478 1377 die
1493 1351 1567 1377 vas
1579 1336 1755 1377 humore

298 1402 480 1442 solutum
501 1402 747 1444 invenietur.
808 1403 953 1444 Vellus
978 1405 1085 1445 lanae
1110 1404 1299 1445 similiter
1322 1404 1366 1444 in
1385 1419 1436 1445 eo
1456 1404 1550 1445 loco
1571 1403 1755 1459 positum

299 1469 333 1510 si
354 1475 518 1511 tantum
549 1470 735 1512 humoris
765 1472 979 1527 collegerit
1005 1478 1051 1513 ut
1084 1471 1167 1513 alia
1187 1472 1253 1512 die
1274 1471 1449 1527 exprimi
1470 1471 1616 1527 possit,
1636 1485 1755 1526 mag-

299 1551 398 1578 nam
426 1538 592 1593 copiam
620 1553 740 1594 aquae
765 1540 906 1580 locum
938 1539 1094 1581 habere
1128 1540 1350 1595 significat.
1412 1539 1602 1580 Lucerna
1632 1539 1757 1594 plena

300 1606 407 1656 oleo,
443 1606 616 1647 incensa
650 1607 685 1647 si
718 1607 760 1647 in
790 1608 939 1648 eodem
974 1609 1068 1649 loco
1100 1608 1287 1649 similiter
1318 1608 1532 1663 adoperta,
1572 1606 1655 1648 alia
1688 1606 1757 1648 die

298 1674 442 1714 lucens
472 1674 597 1715 fuerit
633 1674 815 1727 inventa,
856 1676 1058 1717 indicabit
1088 1690 1184 1717 eum
1219 1676 1359 1717 locum
1394 1675 1548 1716 habere
1588 1689 1756 1731 aquam,

298 1747 521 1797 propterea
540 1742 653 1797 quod
680 1743 816 1784 omnis
844 1744 959 1784 calor
980 1744 1034 1784 ad
1061 1758 1107 1784 se
1131 1743 1260 1784 trahit
1286 1743 1518 1784 humorem.
1582 1742 1690 1783 Item
1722 1742 1757 1783 si

299 1809 344 1849 in
375 1810 524 1851 eodem
554 1811 649 1851 loco
681 1810 884 1866 (ignem2)
918 1811 1064 1852 feceris
1095 1817 1137 1852 et
1166 1817 1368 1866 vaporata
1398 1817 1509 1852 terra
1537 1810 1757 1851 humidum

300 1877 633 1933 nebulosumque
654 1878 816 1918 fumum
838 1879 1152 1930 resuscitaverit,
1178 1885 1220 1920 et
1241 1879 1424 1920 ostendit
1442 1879 1582 1920 locum
1601 1878 1757 1919 habere

301 1959 468 2001 aquam.
531 1945 637 1986 Cum
671 1946 762 1987 haec
793 1946 945 1987 fuerint
974 1945 1033 1987 ita
1064 1953 1226 2002 reperta
1256 1947 1378 1988 certis
1409 1946 1552 2003 signis,
1591 1946 1636 1987 in
1665 1945 1757 1986 alti-

300 2013 488 2054 tudinem
517 2014 633 2069 putei
661 2014 902 2055 defodiendi
930 2021 1063 2066 erunt,
1096 2030 1315 2071 quousque
1348 2020 1475 2070 caput
1501 2028 1622 2070 aquae
1642 2014 1757 2055 inve-

301 2081 450 2133 niatur,
491 2088 564 2123 aut
593 2082 627 2123 si
658 2083 775 2138 plura
806 2082 960 2124 fuerint
988 2083 1031 2123 in
1061 2098 1193 2124 unum
1231 2083 1492 2139 colligantur.
1564 2079 1757 2122 Maxime

301 2146 444 2191 tamen
464 2151 542 2191 sub
564 2151 772 2192 radicibus
804 2152 1009 2193 montium
1029 2152 1072 2192 in
1093 2153 1264 2208 regione
1289 2150 1613 2208 septentrionali,
1635 2150 1757 2206 signa

303 2232 423 2274 aquae
444 2219 798 2279 sunt‘quaerenda.
861 2219 912 2260 In
933 2220 998 2261 his
1020 2220 1131 2261 enim
1152 2220 1254 2261 locis
1276 2234 1425 2261 suaves
1446 2225 1488 2260 et
1507 2219 1694 2260 salubres
1715 2224 1758 2259 et

302 2286 596 2327 habundantes
631 2286 895 2328 inveniuntur
907 2304 918 2340 ;
962 2288 1130 2344 quando
1164 2294 1323 2329 naturae
1356 2287 1561 2329 beneficio
1597 2301 1623 2327 a
1657 2286 1756 2327 solis

303 2369 426 2395 cursu
447 2360 704 2409 separantur,
735 2361 777 2396 et
797 2356 991 2397 arborum
1010 2362 1083 2396 aut
1103 2356 1308 2397 montium
1328 2355 1485 2396 umbris
1506 2355 1665 2406 velatae,
1686 2354 1756 2394 fri-

304 2422 403 2478 gida
423 2421 558 2478 gratia
577 2429 734 2474 aestate,
755 2423 945 2479 hyberno
968 2423 1110 2478 tepida
1129 2424 1348 2476 suavitate,
1369 2423 1591 2478 profluent.

521 2533 529 2552 ¹
554 2536 576 2551 “
586 2534 754 2565 erratica’'!

519 2588 532 2608 ²
555 2588 594 2619 In
611 2588 731 2627 Codice,
746 2588 856 2619 lacuna
872 2593 928 2627 est,
943 2588 976 2618 in
991 2588 1047 2619 hoc
1062 2589 1136 2626 loco,
1151 2599 1241 2627 quam
1253 2589 1454 2629 implevimus.

761 2788 969 2816 EXPLICIT
999 2787 1302 2816 THEOPHILUS.
