<?xml version="1.0" encoding="UTF-8"?>
<!DOCTYPE html PUBLIC "-//W3C//DTD XHTML 1.0 Transitional//EN"
    "http://www.w3.org/TR/xhtml1/DTD/xhtml1-transitional.dtd">
<html xmlns="http://www.w3.org/1999/xhtml" xml:lang="en" lang="en">
 <head>
  <title>
</title>
<meta http-equiv="Content-Type" content="text/html;charset=utf-8" />
  <meta name='ocr-system' content='tesseract 3.04.00' />
  <meta name='ocr-capabilities' content='ocr_page ocr_carea ocr_par ocr_line ocrx_word'/>
</head>
<body>
  <div class='ocr_page' id='page_1' title='image "./theophiliquietru00theouoft_0202.png"; bbox 0 0 1970 3202; ppageno 0'>
   <div class='ocr_carea' id='block_1_1' title="bbox 226 291 1189 334">
    <p class='ocr_par' dir='ltr' id='par_1_1' title="bbox 226 291 1189 334">
     <span class='ocr_line' id='line_1_1' title="bbox 226 291 1189 334; baseline 0.001 -2"><span class='ocrx_word' id='word_1_1' title='bbox 226 291 305 332; x_wconf 80' lang='lat'>132</span> <span class='ocrx_word' id='word_1_2' title='bbox 692 306 941 334; x_wconf 71' lang='lat' dir='ltr'>&#39;rnssopmm</span> <span class='ocrx_word' id='word_1_3' title='bbox 976 305 1108 333; x_wconf 78' lang='lat' dir='ltr'>LIBER</span> <span class='ocrx_word' id='word_1_4' title='bbox 1141 303 1189 333; x_wconf 84' lang='lat'>11.</span> 
     </span>
    </p>
   </div>
   <div class='ocr_carea' id='block_1_2' title="bbox 634 421 1226 486">
    <p class='ocr_par' dir='ltr' id='par_1_2' title="bbox 634 421 1226 486">
     <span class='ocr_line' id='line_1_2' title="bbox 634 421 1226 486; baseline -0.005 -1"><span class='ocrx_word' id='word_1_5' title='bbox 634 422 936 486; x_wconf 85' lang='lat' dir='ltr'><strong>CAPUT</strong></span> <span class='ocrx_word' id='word_1_6' title='bbox 1012 421 1226 484; x_wconf 81' lang='lat' dir='ltr'>XlIL</span> 
     </span>
    </p>
   </div>
   <div class='ocr_carea' id='block_1_3' title="bbox 244 554 1647 664">
    <p class='ocr_par' dir='ltr' id='par_1_3' title="bbox 244 554 1647 664">
     <span class='ocr_line' id='line_1_3' title="bbox 244 554 1647 607; baseline -0.003 -12"><span class='ocrx_word' id='word_1_7' title='bbox 244 554 528 596; x_wconf 77' lang='lat' dir='ltr'><strong>DE&#39;VITREIS</strong></span> <span class='ocrx_word' id='word_1_8' title='bbox 578 569 754 607; x_wconf 85' lang='lat' dir='ltr'>CYPHIS,</span> <span class='ocrx_word' id='word_1_9' title='bbox 805 569 920 602; x_wconf 84' lang='lat' dir='ltr'>QUOS</span> <span class='ocrx_word' id='word_1_10' title='bbox 971 569 1116 597; x_wconf 79' lang='lat' dir='ltr'>GRAEGI</span> <span class='ocrx_word' id='word_1_11' title='bbox 1166 567 1289 595; x_wconf 82' lang='lat' dir='ltr'>AURo</span> <span class='ocrx_word' id='word_1_12' title='bbox 1339 566 1394 593; x_wconf 82' lang='lat' dir='ltr'>ET</span> <span class='ocrx_word' id='word_1_13' title='bbox 1440 564 1647 592; x_wconf 83' lang='lat' dir='ltr'><strong>ARGENTO</strong></span> 
     </span>
     <span class='ocr_line' id='line_1_4' title="bbox 824 636 1076 664; baseline 0.004 -1"><span class='ocrx_word' id='word_1_14' title='bbox 824 636 1076 664; x_wconf 80' lang='lat' dir='ltr'><strong>DEGORANT.</strong></span> 
     </span>
    </p>
   </div>
   <div class='ocr_carea' id='block_1_4' title="bbox 222 732 1674 1870">
    <p class='ocr_par' dir='ltr' id='par_1_4' title="bbox 337 732 1667 790">
     <span class='ocr_line' id='line_1_5' title="bbox 337 732 1667 790; baseline -0.001 -16"><span class='ocrx_word' id='word_1_15' title='bbox 337 732 500 774; x_wconf 85' lang='lat' dir='ltr'>RAECI</span> <span class='ocrx_word' id='word_1_16' title='bbox 533 748 631 776; x_wconf 90' lang='lat' dir='ltr'>vero</span> <span class='ocrx_word' id='word_1_17' title='bbox 661 734 819 776; x_wconf 87' lang='lat' dir='ltr'>faciunt</span> <span class='ocrx_word' id='word_1_18' title='bbox 848 749 900 776; x_wconf 86' lang='lat' dir='ltr'>ex</span> <span class='ocrx_word' id='word_1_19' title='bbox 930 735 1087 777; x_wconf 91' lang='lat' dir='ltr'>eisdem</span> <span class='ocrx_word' id='word_1_20' title='bbox 1118 734 1319 790; x_wconf 89' lang='lat' dir='ltr'>saphireis</span> <span class='ocrx_word' id='word_1_21' title='bbox 1348 733 1555 789; x_wconf 81' lang='lat' dir='ltr'>lapidibus</span> <span class='ocrx_word' id='word_1_22' title='bbox 1575 746 1667 788; x_wconf 90' lang='lat' dir='ltr'>pre-</span> 
     </span>
    </p>

    <p class='ocr_par' dir='ltr' id='par_1_5' title="bbox 222 800 1674 1870">
     <span class='ocr_line' id='line_1_6' title="bbox 363 800 1668 858; baseline -0.002 -16"><span class='ocrx_word' id='word_1_23' title='bbox 363 801 495 842; x_wconf 90' lang='lat' dir='ltr'>tiosos</span> <span class='ocrx_word' id='word_1_24' title='bbox 525 802 685 856; x_wconf 85' lang='lat' dir='ltr'>cyphos</span> <span class='ocrx_word' id='word_1_25' title='bbox 716 803 794 843; x_wconf 89' lang='lat' dir='ltr'>ad¹</span> <span class='ocrx_word' id='word_1_26' title='bbox 826 803 1071 858; x_wconf 89' lang='lat' dir='ltr'>potandum,</span> <span class='ocrx_word' id='word_1_27' title='bbox 1101 803 1347 844; x_wconf 81' lang='lat' dir='ltr'>decorantes</span> <span class='ocrx_word' id='word_1_28' title='bbox 1372 816 1444 842; x_wconf 87' lang='lat' dir='ltr'>eos</span> <span class='ocrx_word' id='word_1_29' title='bbox 1465 815 1566 842; x_wconf 91' lang='lat' dir='ltr'>auro</span> <span class='ocrx_word' id='word_1_30' title='bbox 1587 800 1668 840; x_wconf 90' lang='lat' dir='ltr'>hoc</span> 
     </span>
     <span class='ocr_line' id='line_1_7' title="bbox 224 868 1668 926; baseline 0 -18"><span class='ocrx_word' id='word_1_31' title='bbox 224 869 364 910; x_wconf 89' lang='lat' dir='ltr'>modo.</span> <span class='ocrx_word' id='word_1_32' title='bbox 425 868 690 924; x_wconf 88' lang='lat' dir='ltr'>Accipientes</span> <span class='ocrx_word' id='word_1_33' title='bbox 721 870 809 910; x_wconf 86' lang='lat' dir='ltr'>auri</span> <span class='ocrx_word' id='word_1_34' title='bbox 839 871 1037 924; x_wconf 88' lang='lat' dir='ltr'>petulam,</span> <span class='ocrx_word' id='word_1_35' title='bbox 1069 871 1122 911; x_wconf 93' lang='lat' dir='ltr'>de</span> <span class='ocrx_word' id='word_1_36' title='bbox 1152 884 1235 926; x_wconf 86' lang='lat' dir='ltr'>qua</span> <span class='ocrx_word' id='word_1_37' title='bbox 1265 869 1451 924; x_wconf 88' lang='lat' dir='ltr'>superius</span> <span class='ocrx_word' id='word_1_38' title='bbox 1472 868 1668 918; x_wconf 81' lang='lat' dir='ltr'>diximus,</span> 
     </span>
     <span class='ocr_line' id='line_1_8' title="bbox 223 936 1668 992; baseline -0.001 -16"><span class='ocrx_word' id='word_1_39' title='bbox 223 936 407 976; x_wconf 86' lang='lat' dir='ltr'>formant</span> <span class='ocrx_word' id='word_1_40' title='bbox 434 951 486 976; x_wconf 86' lang='lat' dir='ltr'>ex</span> <span class='ocrx_word' id='word_1_41' title='bbox 517 950 566 976; x_wconf 91' lang='lat' dir='ltr'>ea</span> <span class='ocrx_word' id='word_1_42' title='bbox 595 936 756 992; x_wconf 88' lang='lat' dir='ltr'>effigies</span> <span class='ocrx_word' id='word_1_43' title='bbox 786 937 1017 990; x_wconf 89' lang='lat' dir='ltr'>hominum,</span> <span class='ocrx_word' id='word_1_44' title='bbox 1050 944 1121 979; x_wconf 88' lang='lat' dir='ltr'>aut</span> <span class='ocrx_word' id='word_1_45' title='bbox 1150 938 1303 989; x_wconf 90' lang='lat' dir='ltr'>avium,</span> <span class='ocrx_word' id='word_1_46' title='bbox 1335 942 1407 978; x_wconf 90' lang='lat' dir='ltr'>aut</span> <span class='ocrx_word' id='word_1_47' title='bbox 1427 936 1668 986; x_wconf 87' lang='lat' dir='ltr'>bestiarum,</span> 
     </span>
     <span class='ocr_line' id='line_1_9' title="bbox 222 1003 1670 1062; baseline 0.001 -19"><span class='ocrx_word' id='word_1_48' title='bbox 222 1003 286 1043; x_wconf 92' lang='lat' dir='ltr'>vel</span> <span class='ocrx_word' id='word_1_49' title='bbox 308 1003 514 1055; x_wconf 91' lang='lat' dir='ltr'>foliorum,</span> <span class='ocrx_word' id='word_1_50' title='bbox 536 1009 577 1044; x_wconf 90' lang='lat' dir='ltr'>et</span> <span class='ocrx_word' id='word_1_51' title='bbox 596 1009 759 1058; x_wconf 90' lang='lat' dir='ltr'>ponunt</span> <span class='ocrx_word' id='word_1_52' title='bbox 779 1019 849 1046; x_wconf 90' lang='lat' dir='ltr'>eas</span> <span class='ocrx_word' id='word_1_53' title='bbox 870 1019 968 1046; x_wconf 91' lang='lat' dir='ltr'>cum</span> <span class='ocrx_word' id='word_1_54' title='bbox 989 1020 1098 1062; x_wconf 89' lang='lat' dir='ltr'>aqua</span> <span class='ocrx_word' id='word_1_55' title='bbox 1129 1020 1252 1061; x_wconf 88' lang='lat' dir='ltr'>super</span> <span class='ocrx_word' id='word_1_56' title='bbox 1281 1005 1464 1061; x_wconf 90' lang='lat' dir='ltr'>cyphum</span> <span class='ocrx_word' id='word_1_57' title='bbox 1495 1004 1538 1044; x_wconf 91' lang='lat' dir='ltr'>in</span> <span class='ocrx_word' id='word_1_58' title='bbox 1565 1018 1670 1059; x_wconf 91' lang='lat' dir='ltr'>quo-</span> 
     </span>
     <span class='ocr_line' id='line_1_10' title="bbox 223 1070 1670 1128; baseline -0.002 -16"><span class='ocrx_word' id='word_1_59' title='bbox 223 1086 402 1127; x_wconf 82' lang='lat' dir='ltr'>cumque</span> <span class='ocrx_word' id='word_1_60' title='bbox 437 1072 530 1113; x_wconf 91' lang='lat' dir='ltr'>loco</span> <span class='ocrx_word' id='word_1_61' title='bbox 561 1072 791 1124; x_wconf 82' lang='lat' dir='ltr'>voluerint3</span> <span class='ocrx_word' id='word_1_62' title='bbox 832 1078 874 1114; x_wconf 88' lang='lat' dir='ltr'>et</span> <span class='ocrx_word' id='word_1_63' title='bbox 913 1073 1003 1114; x_wconf 85' lang='lat' dir='ltr'>haec</span> <span class='ocrx_word' id='word_1_64' title='bbox 1038 1073 1181 1128; x_wconf 89' lang='lat' dir='ltr'>petula</span> <span class='ocrx_word' id='word_1_65' title='bbox 1210 1072 1336 1113; x_wconf 92' lang='lat' dir='ltr'>debet</span> <span class='ocrx_word' id='word_1_66' title='bbox 1366 1070 1670 1126; x_wconf 89' lang='lat' dir='ltr'>aliquantulum</span> 
     </span>
     <span class='ocr_line' id='line_1_11' title="bbox 223 1137 1671 1196; baseline 0 -19"><span class='ocrx_word' id='word_1_67' title='bbox 223 1137 394 1192; x_wconf 84' lang='lat' dir='ltr'>spissior</span> <span class='ocrx_word' id='word_1_68' title='bbox 428 1152 532 1179; x_wconf 90' lang='lat' dir='ltr'>esse.</span> <span class='ocrx_word' id='word_1_69' title='bbox 597 1138 764 1180; x_wconf 90' lang='lat' dir='ltr'>Deinde</span> <span class='ocrx_word' id='word_1_70' title='bbox 797 1140 1007 1196; x_wconf 87' lang='lat' dir='ltr'>accipiunt</span> <span class='ocrx_word' id='word_1_71' title='bbox 1042 1140 1194 1181; x_wconf 87' lang='lat' dir='ltr'>vitrum</span> <span class='ocrx_word' id='word_1_72' title='bbox 1235 1139 1525 1189; x_wconf 87' lang='lat' dir='ltr'>clarissimum,</span> <span class='ocrx_word' id='word_1_73' title='bbox 1558 1138 1671 1179; x_wconf 90' lang='lat' dir='ltr'>velut</span> 
     </span>
     <span class='ocr_line' id='line_1_12' title="bbox 222 1204 1672 1265; baseline 0 -20"><span class='ocrx_word' id='word_1_74' title='bbox 222 1206 479 1260; x_wconf 81' lang='lat' dir='ltr'>crystallum,</span> <span class='ocrx_word' id='word_1_75' title='bbox 512 1206 738 1262; x_wconf 39' lang='lat' dir='ltr'>quod-ipsi</span> <span class='ocrx_word' id='word_1_76' title='bbox 773 1214 1047 1263; x_wconf 87' lang='lat' dir='ltr'>componunt,</span> <span class='ocrx_word' id='word_1_77' title='bbox 1080 1208 1277 1265; x_wconf 91' lang='lat' dir='ltr'>quodque</span> <span class='ocrx_word' id='word_1_78' title='bbox 1298 1221 1411 1258; x_wconf 82' lang='lat' dir='ltr'>mOX,</span> <span class='ocrx_word' id='word_1_79' title='bbox 1431 1212 1477 1247; x_wconf 89' lang='lat' dir='ltr'>ut</span> <span class='ocrx_word' id='word_1_80' title='bbox 1498 1204 1672 1247; x_wconf 86' lang='lat' dir='ltr'>senserit</span> 
     </span>
     <span class='ocr_line' id='line_1_13' title="bbox 222 1273 1670 1332; baseline 0 -19"><span class='ocrx_word' id='word_1_81' title='bbox 222 1273 403 1314; x_wconf 89' lang='lat' dir='ltr'>calorem</span> <span class='ocrx_word' id='word_1_82' title='bbox 423 1273 546 1329; x_wconf 88' lang='lat' dir='ltr'>ignis,</span> <span class='ocrx_word' id='word_1_83' title='bbox 567 1274 751 1327; x_wconf 89' lang='lat' dir='ltr'>solvitur,</span> <span class='ocrx_word' id='word_1_84' title='bbox 772 1281 814 1316; x_wconf 89' lang='lat' dir='ltr'>et</span> <span class='ocrx_word' id='word_1_85' title='bbox 833 1281 972 1317; x_wconf 88' lang='lat' dir='ltr'>terunt</span> <span class='ocrx_word' id='word_1_86' title='bbox 991 1277 1210 1332; x_wconf 83' lang='lat' dir='ltr'>diligenter</span> <span class='ocrx_word' id='word_1_87' title='bbox 1230 1290 1352 1331; x_wconf 88' lang='lat' dir='ltr'>super</span> <span class='ocrx_word' id='word_1_88' title='bbox 1372 1274 1552 1330; x_wconf 82' lang='lat' dir='ltr'>lapidem</span> <span class='ocrx_word' id='word_1_89' title='bbox 1574 1287 1670 1329; x_wconf 90' lang='lat' dir='ltr'>por-</span> 
     </span>
     <span class='ocr_line' id='line_1_14' title="bbox 223 1339 1672 1399; baseline 0 -19"><span class='ocrx_word' id='word_1_90' title='bbox 223 1339 460 1395; x_wconf 91' lang='lat' dir='ltr'>phiriticum</span> <span class='ocrx_word' id='word_1_91' title='bbox 480 1356 577 1382; x_wconf 89' lang='lat' dir='ltr'>cum</span> <span class='ocrx_word' id='word_1_92' title='bbox 598 1356 722 1398; x_wconf 89' lang='lat' dir='ltr'>aqua,</span> <span class='ocrx_word' id='word_1_93' title='bbox 744 1348 948 1398; x_wconf 88' lang='lat' dir='ltr'>ponentes</span> <span class='ocrx_word' id='word_1_94' title='bbox 969 1359 1065 1385; x_wconf 91' lang='lat' dir='ltr'>cum</span> <span class='ocrx_word' id='word_1_95' title='bbox 1086 1343 1265 1399; x_wconf 87' lang='lat' dir='ltr'>pincello</span> <span class='ocrx_word' id='word_1_96' title='bbox 1286 1341 1527 1385; x_wconf 88' lang='lat' dir='ltr'>tenuissime</span> <span class='ocrx_word' id='word_1_97' title='bbox 1550 1355 1672 1396; x_wconf 88' lang='lat' dir='ltr'>super</span> 
     </span>
     <span class='ocr_line' id='line_1_15' title="bbox 222 1408 1671 1464; baseline 0 -16"><span class='ocrx_word' id='word_1_98' title='bbox 222 1408 406 1463; x_wconf 89' lang='lat' dir='ltr'>petulam</span> <span class='ocrx_word' id='word_1_99' title='bbox 424 1423 496 1464; x_wconf 87' lang='lat' dir='ltr'>per</span> <span class='ocrx_word' id='word_1_100' title='bbox 511 1409 666 1460; x_wconf 88' lang='lat' dir='ltr'>omnia,</span> <span class='ocrx_word' id='word_1_101' title='bbox 683 1415 724 1451; x_wconf 91' lang='lat' dir='ltr'>et</span> <span class='ocrx_word' id='word_1_102' title='bbox 741 1424 836 1451; x_wconf 87' lang='lat' dir='ltr'>cum</span> <span class='ocrx_word' id='word_1_103' title='bbox 856 1411 1059 1452; x_wconf 89' lang='lat' dir='ltr'>siccatum</span> <span class='ocrx_word' id='word_1_104' title='bbox 1081 1411 1215 1462; x_wconf 88' lang='lat' dir='ltr'>fuerit,</span> <span class='ocrx_word' id='word_1_105' title='bbox 1237 1410 1408 1451; x_wconf 89' lang='lat' dir='ltr'>mittunt</span> <span class='ocrx_word' id='word_1_106' title='bbox 1427 1409 1469 1449; x_wconf 89' lang='lat' dir='ltr'>in</span> <span class='ocrx_word' id='word_1_107' title='bbox 1490 1408 1671 1459; x_wconf 86' lang='lat' dir='ltr'>furnum,</span> 
     </span>
     <span class='ocr_line' id='line_1_16' title="bbox 223 1475 1672 1534; baseline -0.001 -18"><span class='ocrx_word' id='word_1_108' title='bbox 223 1476 266 1516; x_wconf 93' lang='lat' dir='ltr'>in</span> <span class='ocrx_word' id='word_1_109' title='bbox 286 1491 370 1532; x_wconf 94' lang='lat' dir='ltr'>quo</span> <span class='ocrx_word' id='word_1_110' title='bbox 392 1476 584 1518; x_wconf 80' lang='lat' dir='ltr'>fenestrae</span> <span class='ocrx_word' id='word_1_111' title='bbox 604 1477 756 1518; x_wconf 88' lang='lat' dir='ltr'>vitrum</span> <span class='ocrx_word' id='word_1_112' title='bbox 777 1478 934 1533; x_wconf 87' lang='lat' dir='ltr'>pictum</span> <span class='ocrx_word' id='word_1_113' title='bbox 957 1478 1159 1534; x_wconf 84' lang='lat' dir='ltr'>coquitur,</span> <span class='ocrx_word' id='word_1_114' title='bbox 1185 1478 1237 1518; x_wconf 92' lang='lat' dir='ltr'>de</span> <span class='ocrx_word' id='word_1_115' title='bbox 1267 1491 1351 1533; x_wconf 92' lang='lat' dir='ltr'>quo</span> <span class='ocrx_word' id='word_1_116' title='bbox 1382 1481 1529 1531; x_wconf 86' lang='lat' dir='ltr'>postea</span> <span class='ocrx_word' id='word_1_117' title='bbox 1558 1475 1672 1515; x_wconf 85' lang='lat' dir='ltr'>dice-</span> 
     </span>
     <span class='ocr_line' id='line_1_17' title="bbox 224 1542 1673 1601; baseline -0.001 -17"><span class='ocrx_word' id='word_1_118' title='bbox 224 1558 332 1595; x_wconf 88' lang='lat' dir='ltr'>mus,</span> <span class='ocrx_word' id='word_1_119' title='bbox 366 1550 648 1600; x_wconf 89' lang='lat' dir='ltr'>supponentes</span> <span class='ocrx_word' id='word_1_120' title='bbox 683 1545 824 1601; x_wconf 84' lang='lat' dir='ltr'>ignem</span> <span class='ocrx_word' id='word_1_121' title='bbox 860 1551 902 1587; x_wconf 87' lang='lat' dir='ltr'>et</span> <span class='ocrx_word' id='word_1_122' title='bbox 937 1546 1053 1601; x_wconf 85' lang='lat' dir='ltr'>ligna</span> <span class='ocrx_word' id='word_1_123' title='bbox 1088 1545 1253 1601; x_wconf 86' lang='lat' dir='ltr'>faginea</span> <span class='ocrx_word' id='word_1_124' title='bbox 1292 1544 1335 1584; x_wconf 92' lang='lat' dir='ltr'>in</span> <span class='ocrx_word' id='word_1_125' title='bbox 1376 1543 1491 1584; x_wconf 91' lang='lat' dir='ltr'>fumo</span> <span class='ocrx_word' id='word_1_126' title='bbox 1533 1542 1673 1583; x_wconf 90' lang='lat' dir='ltr'>omnia</span> 
     </span>
     <span class='ocr_line' id='line_1_18' title="bbox 224 1610 1673 1669; baseline -0.001 -18"><span class='ocrx_word' id='word_1_127' title='bbox 224 1610 392 1652; x_wconf 86' lang='lat' dir='ltr'>siccata.</span> <span class='ocrx_word' id='word_1_128' title='bbox 464 1610 657 1668; x_wconf 88' lang='lat' dir='ltr'>Cumque</span> <span class='ocrx_word' id='word_1_129' title='bbox 699 1613 876 1654; x_wconf 88' lang='lat' dir='ltr'>viderint</span> <span class='ocrx_word' id='word_1_130' title='bbox 913 1614 1129 1654; x_wconf 87' lang='lat' dir='ltr'>flammam</span> <span class='ocrx_word' id='word_1_131' title='bbox 1171 1613 1355 1669; x_wconf 90' lang='lat' dir='ltr'>cyphum</span> <span class='ocrx_word' id='word_1_132' title='bbox 1395 1611 1541 1652; x_wconf 85' lang='lat' dir='ltr'>tandiu</span> <span class='ocrx_word' id='word_1_133' title='bbox 1580 1625 1673 1665; x_wconf 90' lang='lat' dir='ltr'>per-</span> 
     </span>
     <span class='ocr_line' id='line_1_19' title="bbox 223 1678 1674 1734; baseline 0.001 -17"><span class='ocrx_word' id='word_1_134' title='bbox 223 1678 396 1719; x_wconf 90' lang='lat' dir='ltr'>transire</span> <span class='ocrx_word' id='word_1_135' title='bbox 436 1679 571 1720; x_wconf 89' lang='lat' dir='ltr'>donec</span> <span class='ocrx_word' id='word_1_136' title='bbox 612 1680 825 1721; x_wconf 85' lang='lat' dir='ltr'>modicum</span> <span class='ocrx_word' id='word_1_137' title='bbox 865 1681 1060 1722; x_wconf 86' lang='lat' dir='ltr'>ruborem</span> <span class='ocrx_word' id='word_1_138' title='bbox 1099 1680 1250 1731; x_wconf 87' lang='lat' dir='ltr'>trahat,</span> <span class='ocrx_word' id='word_1_139' title='bbox 1292 1680 1434 1721; x_wconf 83' lang='lat' dir='ltr'>statim</span> <span class='ocrx_word' id='word_1_140' title='bbox 1465 1679 1674 1734; x_wconf 85' lang='lat' dir='ltr'>ejicientes</span> 
     </span>
     <span class='ocr_line' id='line_1_20' title="bbox 223 1745 1673 1803; baseline 0 -18"><span class='ocrx_word' id='word_1_141' title='bbox 223 1745 351 1800; x_wconf 84' lang='lat' dir='ltr'>ligna,</span> <span class='ocrx_word' id='word_1_142' title='bbox 382 1747 604 1789; x_wconf 88' lang='lat' dir='ltr'>obstruunt</span> <span class='ocrx_word' id='word_1_143' title='bbox 632 1748 813 1800; x_wconf 87' lang='lat' dir='ltr'>furnum,</span> <span class='ocrx_word' id='word_1_144' title='bbox 844 1749 979 1790; x_wconf 88' lang='lat' dir='ltr'>donec</span> <span class='ocrx_word' id='word_1_145' title='bbox 1010 1763 1082 1803; x_wconf 92' lang='lat' dir='ltr'>per</span> <span class='ocrx_word' id='word_1_146' title='bbox 1112 1763 1155 1789; x_wconf 91' lang='lat' dir='ltr'>se</span> <span class='ocrx_word' id='word_1_147' title='bbox 1196 1747 1404 1803; x_wconf 81' lang='lat' dir='ltr'>frigescat,</span> <span class='ocrx_word' id='word_1_148' title='bbox 1445 1752 1487 1787; x_wconf 93' lang='lat' dir='ltr'>et</span> <span class='ocrx_word' id='word_1_149' title='bbox 1527 1760 1673 1787; x_wconf 88' lang='lat' dir='ltr'>aurum</span> 
     </span>
     <span class='ocr_line' id='line_1_21' title="bbox 225 1815 732 1870; baseline 0.008 -18"><span class='ocrx_word' id='word_1_150' title='bbox 225 1827 439 1869; x_wconf 87' lang='lat' dir='ltr'>nunquam</span> <span class='ocrx_word' id='word_1_151' title='bbox 462 1815 732 1870; x_wconf 86' lang='lat' dir='ltr'>separabitur.</span> 
     </span>
    </p>
   </div>
   <div class='ocr_carea' id='block_1_5' title="bbox 646 2073 1257 2136">
    <p class='ocr_par' dir='ltr' id='par_1_6' title="bbox 646 2073 1257 2136">
     <span class='ocr_line' id='line_1_22' title="bbox 646 2073 1257 2136; baseline -0.002 -1"><span class='ocrx_word' id='word_1_152' title='bbox 646 2074 969 2136; x_wconf 83' lang='lat' dir='ltr'><strong>CAPUT</strong></span> <span class='ocrx_word' id='word_1_153' title='bbox 1051 2073 1257 2136; x_wconf 90' lang='lat' dir='ltr'><strong>XIV.</strong></span> 
     </span>
    </p>
   </div>
   <div class='ocr_carea' id='block_1_6' title="bbox 726 2221 1183 2250">
    <p class='ocr_par' dir='ltr' id='par_1_7' title="bbox 726 2221 1183 2250">
     <span class='ocr_line' id='line_1_23' title="bbox 726 2221 1183 2250; baseline 0 -2"><span class='ocrx_word' id='word_1_154' title='bbox 726 2221 837 2249; x_wconf 83' lang='lat' dir='ltr'>ITEM</span> <span class='ocrx_word' id='word_1_155' title='bbox 870 2221 996 2249; x_wconf 87' lang='lat' dir='ltr'><strong>UNDE</strong></span> <span class='ocrx_word' id='word_1_156' title='bbox 1025 2221 1183 2250; x_wconf 85' lang='lat' dir='ltr'><strong>SUPRA.</strong></span> 
     </span>
    </p>
   </div>
   <div class='ocr_carea' id='block_1_7' title="bbox 229 2319 1677 2854">
    <p class='ocr_par' dir='ltr' id='par_1_8' title="bbox 329 2319 1676 2376">
     <span class='ocr_line' id='line_1_24' title="bbox 329 2319 1676 2376; baseline 0.001 -14"><span class='ocrx_word' id='word_1_157' title='bbox 329 2320 430 2362; x_wconf 86' lang='lat' dir='ltr'>ACI</span> <span class='ocrx_word' id='word_1_158' title='bbox 441 2319 559 2362; x_wconf 93' lang='lat' dir='ltr'>UNT</span> <span class='ocrx_word' id='word_1_159' title='bbox 580 2326 621 2362; x_wconf 92' lang='lat' dir='ltr'>et</span> <span class='ocrx_word' id='word_1_160' title='bbox 641 2321 723 2362; x_wconf 86' lang='lat' dir='ltr'>alio</span> <span class='ocrx_word' id='word_1_161' title='bbox 753 2321 896 2372; x_wconf 88' lang='lat' dir='ltr'>modo,</span> <span class='ocrx_word' id='word_1_162' title='bbox 918 2321 1168 2376; x_wconf 88' lang='lat' dir='ltr'>accipientes</span> <span class='ocrx_word' id='word_1_163' title='bbox 1195 2335 1343 2362; x_wconf 89' lang='lat' dir='ltr'>aurum</span> <span class='ocrx_word' id='word_1_164' title='bbox 1362 2321 1405 2362; x_wconf 92' lang='lat' dir='ltr'>in</span> <span class='ocrx_word' id='word_1_165' title='bbox 1435 2323 1676 2364; x_wconf 88' lang='lat' dir='ltr'>molendino</span> 
     </span>
    </p>

    <p class='ocr_par' dir='ltr' id='par_1_9' title="bbox 229 2389 1677 2854">
     <span class='ocr_line' id='line_1_25' title="bbox 329 2389 1677 2446; baseline 0.001 -15"><span class='ocrx_word' id='word_1_166' title='bbox 329 2389 533 2440; x_wconf 89' lang='lat' dir='ltr'>molitum,</span> <span class='ocrx_word' id='word_1_167' title='bbox 573 2389 692 2444; x_wconf 85' lang='lat' dir='ltr'>cujus</span> <span class='ocrx_word' id='word_1_168' title='bbox 730 2403 830 2429; x_wconf 91' lang='lat' dir='ltr'>usus</span> <span class='ocrx_word' id='word_1_169' title='bbox 870 2394 934 2430; x_wconf 90' lang='lat' dir='ltr'>est</span> <span class='ocrx_word' id='word_1_170' title='bbox 973 2389 1015 2429; x_wconf 92' lang='lat' dir='ltr'>in</span> <span class='ocrx_word' id='word_1_171' title='bbox 1049 2389 1177 2440; x_wconf 88' lang='lat' dir='ltr'>libris,</span> <span class='ocrx_word' id='word_1_172' title='bbox 1213 2394 1447 2444; x_wconf 85' lang='lat' dir='ltr'>temperant</span> <span class='ocrx_word' id='word_1_173' title='bbox 1476 2404 1599 2446; x_wconf 89' lang='lat' dir='ltr'>aqua,</span> <span class='ocrx_word' id='word_1_174' title='bbox 1635 2397 1677 2432; x_wconf 94' lang='lat' dir='ltr'>et</span> 
     </span>
     <span class='ocr_line' id='line_1_26' title="bbox 229 2456 1675 2515; baseline 0 -16"><span class='ocrx_word' id='word_1_175' title='bbox 229 2464 448 2515; x_wconf 87' lang='lat' dir='ltr'>argentum</span> <span class='ocrx_word' id='word_1_176' title='bbox 479 2457 679 2509; x_wconf 88' lang='lat' dir='ltr'>similiter,</span> <span class='ocrx_word' id='word_1_177' title='bbox 701 2457 898 2498; x_wconf 87' lang='lat' dir='ltr'>facientes</span> <span class='ocrx_word' id='word_1_178' title='bbox 918 2456 1016 2498; x_wconf 89' lang='lat' dir='ltr'>inde</span> <span class='ocrx_word' id='word_1_179' title='bbox 1046 2456 1222 2498; x_wconf 86' lang='lat' dir='ltr'>circulos</span> <span class='ocrx_word' id='word_1_180' title='bbox 1243 2461 1285 2497; x_wconf 89' lang='lat' dir='ltr'>et</span> <span class='ocrx_word' id='word_1_181' title='bbox 1304 2456 1346 2497; x_wconf 91' lang='lat' dir='ltr'>in</span> <span class='ocrx_word' id='word_1_182' title='bbox 1376 2456 1436 2498; x_wconf 88' lang='lat' dir='ltr'>eis</span> <span class='ocrx_word' id='word_1_183' title='bbox 1455 2457 1675 2514; x_wconf 86' lang='lat' dir='ltr'>imagines,</span> 
     </span>
     <span class='ocr_line' id='line_1_27' title="bbox 230 2524 1676 2581; baseline -0.001 -13"><span class='ocrx_word' id='word_1_184' title='bbox 230 2527 316 2569; x_wconf 86' lang='lat' dir='ltr'>sive</span> <span class='ocrx_word' id='word_1_185' title='bbox 336 2527 505 2579; x_wconf 89' lang='lat' dir='ltr'>bestias,</span> <span class='ocrx_word' id='word_1_186' title='bbox 526 2532 600 2568; x_wconf 90' lang='lat' dir='ltr'>aut</span> <span class='ocrx_word' id='word_1_187' title='bbox 621 2540 732 2577; x_wconf 87' lang='lat' dir='ltr'>aves,</span> <span class='ocrx_word' id='word_1_188' title='bbox 753 2540 878 2581; x_wconf 88' lang='lat' dir='ltr'>opere</span> <span class='ocrx_word' id='word_1_189' title='bbox 898 2524 1076 2576; x_wconf 87' lang='lat' dir='ltr'>variato,</span> <span class='ocrx_word' id='word_1_190' title='bbox 1097 2529 1139 2565; x_wconf 87' lang='lat' dir='ltr'>et</span> <span class='ocrx_word' id='word_1_191' title='bbox 1168 2524 1318 2565; x_wconf 85' lang='lat' dir='ltr'>liniunt</span> <span class='ocrx_word' id='word_1_192' title='bbox 1336 2525 1428 2567; x_wconf 86' lang='lat' dir='ltr'>haec</span> <span class='ocrx_word' id='word_1_193' title='bbox 1448 2526 1555 2567; x_wconf 88' lang='lat' dir='ltr'>vitro</span> <span class='ocrx_word' id='word_1_194' title='bbox 1575 2526 1676 2568; x_wconf 89' lang='lat' dir='ltr'>luci-</span> 
     </span>
     <span class='ocr_line' id='line_1_28' title="bbox 230 2592 1677 2651; baseline -0.002 -14"><span class='ocrx_word' id='word_1_195' title='bbox 230 2595 414 2647; x_wconf 91' lang='lat' dir='ltr'>dissimo,</span> <span class='ocrx_word' id='word_1_196' title='bbox 435 2595 488 2636; x_wconf 89' lang='lat' dir='ltr'>de</span> <span class='ocrx_word' id='word_1_197' title='bbox 523 2609 608 2651; x_wconf 94' lang='lat' dir='ltr'>quo</span> <span class='ocrx_word' id='word_1_198' title='bbox 638 2608 763 2650; x_wconf 89' lang='lat' dir='ltr'>supra</span> <span class='ocrx_word' id='word_1_199' title='bbox 792 2593 987 2634; x_wconf 87' lang='lat' dir='ltr'>diximus.</span> <span class='ocrx_word' id='word_1_200' title='bbox 1049 2592 1214 2634; x_wconf 89' lang='lat' dir='ltr'>Deinde</span> <span class='ocrx_word' id='word_1_201' title='bbox 1248 2592 1498 2648; x_wconf 88' lang='lat' dir='ltr'>accipientes</span> <span class='ocrx_word' id='word_1_202' title='bbox 1524 2593 1677 2634; x_wconf 88' lang='lat' dir='ltr'>vitrum</span> 
     </span>
     <span class='ocr_line' id='line_1_29' title="bbox 229 2660 1675 2716; baseline -0.001 -11"><span class='ocrx_word' id='word_1_203' title='bbox 229 2663 372 2705; x_wconf 87' lang='lat' dir='ltr'>album</span> <span class='ocrx_word' id='word_1_204' title='bbox 393 2667 435 2704; x_wconf 90' lang='lat' dir='ltr'>et</span> <span class='ocrx_word' id='word_1_205' title='bbox 463 2660 740 2704; x_wconf 90' lang='lat' dir='ltr'>rubicundum</span> <span class='ocrx_word' id='word_1_206' title='bbox 761 2675 811 2703; x_wconf 87' lang='lat' dir='ltr'>ac</span> <span class='ocrx_word' id='word_1_207' title='bbox 840 2660 984 2712; x_wconf 89' lang='lat' dir='ltr'>viride,</span> <span class='ocrx_word' id='word_1_208' title='bbox 1005 2674 1185 2716; x_wconf 90' lang='lat' dir='ltr'>quorum</span> <span class='ocrx_word' id='word_1_209' title='bbox 1204 2674 1305 2701; x_wconf 88' lang='lat' dir='ltr'>usus</span> <span class='ocrx_word' id='word_1_210' title='bbox 1335 2665 1398 2701; x_wconf 88' lang='lat' dir='ltr'>est</span> <span class='ocrx_word' id='word_1_211' title='bbox 1426 2660 1470 2701; x_wconf 90' lang='lat' dir='ltr'>in</span> <span class='ocrx_word' id='word_1_212' title='bbox 1499 2661 1675 2714; x_wconf 90' lang='lat' dir='ltr'>electris,</span> 
     </span>
     <span class='ocr_line' id='line_1_30' title="bbox 229 2728 1677 2786; baseline -0.001 -14"><span class='ocrx_word' id='word_1_213' title='bbox 229 2736 370 2772; x_wconf 81' lang='lat' dir='ltr'>terunt</span> <span class='ocrx_word' id='word_1_214' title='bbox 389 2744 512 2786; x_wconf 89' lang='lat' dir='ltr'>super</span> <span class='ocrx_word' id='word_1_215' title='bbox 531 2729 713 2785; x_wconf 89' lang='lat' dir='ltr'>lapidem</span> <span class='ocrx_word' id='word_1_216' title='bbox 733 2728 1046 2785; x_wconf 86' lang='lat' dir='ltr'>porphiriticum</span> <span class='ocrx_word' id='word_1_217' title='bbox 1067 2728 1397 2784; x_wconf 90' lang='lat' dir='ltr'>unumquodque</span> <span class='ocrx_word' id='word_1_218' title='bbox 1416 2742 1490 2784; x_wconf 87' lang='lat' dir='ltr'>per</span> <span class='ocrx_word' id='word_1_219' title='bbox 1510 2743 1555 2770; x_wconf 91' lang='lat' dir='ltr'>se</span> <span class='ocrx_word' id='word_1_220' title='bbox 1584 2729 1677 2770; x_wconf 80' lang='lat' dir='ltr'>dili-</span> 
     </span>
     <span class='ocr_line' id='line_1_31' title="bbox 232 2795 1675 2854; baseline -0.001 -14"><span class='ocrx_word' id='word_1_221' title='bbox 232 2804 377 2854; x_wconf 81' lang='lat' dir='ltr'>genter</span> <span class='ocrx_word' id='word_1_222' title='bbox 417 2813 515 2840; x_wconf 91' lang='lat' dir='ltr'>cum</span> <span class='ocrx_word' id='word_1_223' title='bbox 561 2812 684 2853; x_wconf 87' lang='lat' dir='ltr'>aqua,</span> <span class='ocrx_word' id='word_1_224' title='bbox 725 2803 768 2838; x_wconf 91' lang='lat' dir='ltr'>et</span> <span class='ocrx_word' id='word_1_225' title='bbox 811 2797 907 2838; x_wconf 89' lang='lat' dir='ltr'>inde</span> <span class='ocrx_word' id='word_1_226' title='bbox 946 2797 1125 2853; x_wconf 85' lang='lat' dir='ltr'>pingunt</span> <span class='ocrx_word' id='word_1_227' title='bbox 1168 2795 1367 2838; x_wconf 89' lang='lat' dir='ltr'>flosculos</span> <span class='ocrx_word' id='word_1_228' title='bbox 1422 2803 1464 2838; x_wconf 93' lang='lat' dir='ltr'>et</span> <span class='ocrx_word' id='word_1_229' title='bbox 1527 2798 1675 2849; x_wconf 89' lang='lat' dir='ltr'>nodos,</span> 
     </span>
    </p>
   </div>
   <div class='ocr_carea' id='block_1_8' title="bbox 447 2901 1453 2945">
    <p class='ocr_par' dir='ltr' id='par_1_10' title="bbox 447 2901 1453 2945">
     <span class='ocr_line' id='line_1_32' title="bbox 447 2901 1453 2945; baseline -0.001 -10"><span class='ocrx_word' id='word_1_230' title='bbox 447 2904 455 2922; x_wconf 93' lang='lat'><strong>¹</strong></span> <span class='ocrx_word' id='word_1_231' title='bbox 480 2905 501 2922; x_wconf 88' lang='lat'><em>“</em></span> <span class='ocrx_word' id='word_1_232' title='bbox 514 2902 722 2945; x_wconf 77' lang='lat' dir='ltr'>portandum,”</span> <span class='ocrx_word' id='word_1_233' title='bbox 736 2901 843 2935; x_wconf 56' lang='lat' dir='ltr'>vitiose</span> <span class='ocrx_word' id='word_1_234' title='bbox 857 2903 895 2934; x_wconf 73' lang='lat' dir='ltr'>in</span> <span class='ocrx_word' id='word_1_235' title='bbox 909 2903 983 2935; x_wconf 77' lang='lat' dir='ltr'>MS.</span> <span class='ocrx_word' id='word_1_236' title='bbox 999 2903 1095 2934; x_wconf 79' lang='lat' dir='ltr'>Harl.</span> <span class='ocrx_word' id='word_1_237' title='bbox 1109 2902 1147 2934; x_wconf 78' lang='lat' dir='ltr'>in</span> <span class='ocrx_word' id='word_1_238' title='bbox 1161 2903 1282 2941; x_wconf 75' lang='lat' dir='ltr'>coeteris,</span> <span class='ocrx_word' id='word_1_239' title='bbox 1298 2907 1453 2944; x_wconf 76' lang='lat' dir='ltr'>utsupra.</span> 
     </span>
    </p>
   </div>
   <div class='ocr_carea' id='block_1_9' title="bbox 1894 0 1970 3202">
    <p class='ocr_par' dir='ltr' id='par_1_11' title="bbox 1894 0 1970 3202">
     <span class='ocr_line' id='line_1_33' title="bbox 1894 0 1970 3202; baseline 0 0"><span class='ocrx_word' id='word_1_240' title='bbox 1894 0 1970 3202; x_wconf 95' lang='lat' dir='ltr'> </span> 
     </span>
    </p>
   </div>
  </div>
 </body>
</html>
