1970 3202
267 275 351 316 242
734 289 984 317 THEOPHILI
1016 289 1150 317 LIBER
1180 289 1248 316 111.

264 389 320 430 sit
335 389 516 445 spissum
538 390 646 431 sicut
666 389 758 442 fex3
780 391 891 446 quod
915 405 1011 431 cum
1032 391 1147 446 ligno
1168 390 1283 431 tenui
1304 390 1422 431 linies
1444 389 1553 430 circa
1573 389 1715 430 clavos

266 455 440 497 interius
461 463 503 497 et
522 457 716 510 exterius,
738 464 781 499 et
816 458 1002 499 excuties
1031 472 1127 499 cum
1155 458 1271 498 brevi
1303 457 1411 498 ferro
1441 456 1630 497 limatum
1652 471 1716 497 ar-

267 530 440 579 gentum
481 526 672 581 desuper,
708 526 850 582 sicque
888 526 1078 567 siccabis.
1141 525 1299 566 Iterum
1334 523 1453 564 linies
1493 523 1717 563 mixturam

266 591 382 633 illam
403 593 581 649 desuper
601 593 773 649 spissius
803 608 930 649 quam
951 598 1060 644 ante,
1082 597 1124 634 et
1153 592 1293 633 mittes
1313 592 1356 632 in
1376 591 1531 646 ignem,
1553 590 1717 630 adhibi-

269 658 406 716 tisque
447 661 711 713 carbonibus,
753 662 972 717 diligenter
1008 660 1234 716 cooperies,
1264 659 1492 716 leniterque
1527 658 1717 700 sufflabis

269 725 398 783 longo
419 728 537 780 flatu,
558 729 693 770 donec
713 729 942 771 solidatura
972 728 1159 784 liquefiat
1191 728 1470 780 sufficienter3
1502 727 1718 768 eductum-

271 807 352 848 que
382 809 456 836 vas
486 796 540 837 ab
570 796 666 852 igne
697 803 739 837 et
770 797 935 838 modice
964 797 1251 852 refrigeratum
1284 797 1457 847 lavabis,
1479 802 1522 837 et
1554 797 1589 837 si
1610 795 1719 836 firmi

272 868 370 903 sunt
390 864 496 905 clavi
517 864 624 906 bene
636 881 647 916 ;
679 865 743 905 sin
765 870 918 915 autem,
940 879 1102 906 rursum
1123 865 1190 905 fac
1212 865 1284 913 eis,
1302 864 1410 905 sicut
1429 864 1555 919 prius.
1589 863 1719 904 Cum—

272 944 354 985 que
374 931 483 971 firmi
514 932 678 983 fuerint,
701 934 823 973 elima
845 947 916 973 eos
937 932 1107 974 interius
1129 937 1171 973 et
1191 932 1290 972 rade
1314 931 1542 987 aequaliter,
1564 937 1609 971 ut
1629 931 1720 971 nul-

270 997 335 1038 lus
357 999 620 1040 considerare
632 998 768 1055 'queat
797 1000 840 1040 in
870 1015 954 1056 quo
984 1001 1078 1042 loco
1100 999 1303 1050 steterint,
1325 999 1624 1054 appositasque
1645 1013 1720 1039 ex-

271 1066 399 1107 terius
420 1067 624 1109 auriculas
646 1083 809 1109 rursum
842 1068 1061 1124 diligenter
1090 1067 1287 1123 adjunge.
1350 1066 1516 1107 Deinde
1551 1065 1617 1107 fac
1648 1080 1721 1121 per

272 1134 458 1175 medium
488 1136 763 1177 auricularum
800 1142 946 1177 contra
978 1136 1120 1177 clavos
1154 1135 1319 1176 subtilia
1352 1133 1572 1185 foramina,
1608 1139 1650 1174 et
1678 1133 1721 1172 in

273 1201 423 1243 eodem
444 1203 538 1244 loco
561 1204 666 1244 ultra
688 1204 831 1245 clavos
852 1203 1054 1255 similiter,
1076 1204 1119 1244 in
1140 1202 1291 1259 quibus
1306 1218 1377 1244 eos
1399 1203 1586 1258 configes
1608 1201 1722 1242 omni

273 1283 398 1324 opere
419 1278 724 1322 consummato,
747 1272 805 1313 sic
836 1278 883 1312 ut
903 1286 1027 1313 nemo
1049 1270 1249 1326 percipiat
1269 1270 1445 1326 qualiter
1466 1269 1721 1310 adhaereant.

276 1336 383 1378 Post
401 1338 492 1380 haec
513 1339 655 1394 sculpe
676 1345 718 1380 et
738 1339 835 1380 fode
865 1339 978 1394 ipsas
999 1340 1205 1381 auriculas
1227 1338 1415 1380 studiose
1437 1351 1532 1379 cum
1554 1336 1660 1377 limis
1682 1341 1724 1377 et

274 1405 547 1459 ferramentis,
579 1413 620 1448 et
647 1408 679 1449 si
710 1407 811 1463 quid
844 1407 1020 1448 volueris
1057 1407 1098 1447 in
1135 1407 1193 1448 eis
1223 1407 1454 1461 denigrare,
1486 1405 1566 1446 hoc
1596 1404 1723 1445 modo

274 1473 413 1516 facies.
1093 1468 1097 1473 ’

661 1756 964 1819 CAPUT
1034 1756 1334 1818 XXXII.

633 1903 744 1931 ITEM
777 1903 836 1930 DE
866 1886 1136 1930 IMPONENDO
1170 1903 1378 1931 NIGELLO.

375 2002 469 2044 UM
508 2002 722 2043 miscureis
758 2001 824 2043 et¹
856 2002 1012 2043 fuderis
1043 2003 1254 2058 nigellum,
1284 2009 1443 2058 partem
1473 2018 1601 2044 unam
1631 2004 1728 2044 inde

405 2070 529 2112 tolles
558 2075 599 2112 et
628 2069 834 2126 percuties
867 2070 1214 2126 quadrangulam,
1250 2071 1420 2126 longam
1452 2078 1495 2112 et
1517 2072 1727 2128 gracilem.

283 2140 450 2182 Deinde
471 2139 615 2194 accipe
635 2138 861 2179 auriculam
883 2153 976 2178 cum
1000 2137 1169 2193 forcipe,
1183 2145 1225 2179 et
1240 2138 1396 2180 calefac
1412 2139 1454 2179 in
1477 2139 1574 2194 igne
1594 2140 1728 2185 donec

280 2208 487 2259 rubescat,
509 2212 551 2247 et
570 2221 667 2247 cum
687 2206 817 2246 altero
846 2205 1003 2261 forcipe
1030 2206 1157 2261 longo
1178 2212 1220 2247 et
1240 2207 1384 2262 gracili
1413 2212 1510 2248 tene
1530 2207 1728 2263 nigellum

281 2281 324 2317 et
343 2276 446 2316 frica
467 2289 590 2330 super
610 2274 752 2334 omnia
770 2275 877 2326 loca,
898 2290 993 2330 quae
1013 2275 1234 2331 denigrare
1253 2275 1446 2327 volueris,
1467 2276 1601 2329 donec
1621 2282 1730 2317 trac-

281 2350 349 2385 tus
371 2357 517 2384 omnes
547 2342 658 2398 pleni
679 2342 785 2394 sint3
817 2343 1086 2398 ablatumque
1120 2343 1174 2383 ab
1204 2343 1302 2398 igne
1334 2357 1431 2384 cum
1462 2343 1561 2384 lima
1580 2344 1730 2399 aequali

282 2412 500 2467 diligenter
521 2411 663 2467 plana,
682 2410 818 2451 donec
838 2416 1059 2466 argentum
1091 2410 1151 2451 sic
1180 2416 1394 2466 appareat,
1416 2417 1463 2452 ut
1482 2411 1551 2452 vix
1572 2417 1730 2452 tractus

282 2479 545 2521 considerare
566 2475 716 2534 possis,
738 2483 780 2519 et
808 2477 868 2519 sic
898 2492 993 2519 cum
1024 2477 1180 2518 rasorio
1213 2478 1320 2519 ferro
1341 2478 1452 2529 lima,
1484 2493 1609 2534 rugas
1639 2479 1731 2519 dili-

282 2552 429 2603 genter
448 2547 585 2599 erade,
607 2552 648 2588 et
667 2546 782 2603 quod
802 2546 1005 2602 reliquum
1027 2552 1090 2587 est
1110 2545 1343 2587 deaurabis.
1406 2547 1533 2596 Quod
1554 2547 1730 2588 deaura-

282 2622 371 2657 tum
391 2615 473 2658 hoc
494 2615 622 2658 modo
638 2629 878 2671 compones.

695 2722 702 2740 ¹
727 2720 841 2754 Vitios&
856 2723 876 2739 “
886 2721 998 2754 foderis
1007 2721 1023 2734 ”
1038 2722 1074 2754 in
1089 2711 1319 2755 koc'Manuscr.
