<?xml version="1.0" encoding="UTF-8"?>
<!DOCTYPE html PUBLIC "-//W3C//DTD XHTML 1.0 Transitional//EN"
    "http://www.w3.org/TR/xhtml1/DTD/xhtml1-transitional.dtd">
<html xmlns="http://www.w3.org/1999/xhtml" xml:lang="en" lang="en">
 <head>
  <title>
</title>
<meta http-equiv="Content-Type" content="text/html;charset=utf-8" />
  <meta name='ocr-system' content='tesseract 3.04.00' />
  <meta name='ocr-capabilities' content='ocr_page ocr_carea ocr_par ocr_line ocrx_word'/>
</head>
<body>
  <div class='ocr_page' id='page_1' title='image "./theophiliquietru00theouoft_0388.png"; bbox 0 0 1970 3202; ppageno 0'>
   <div class='ocr_carea' id='block_1_1' title="bbox 308 281 1310 323">
    <p class='ocr_par' dir='ltr' id='par_1_1' title="bbox 308 281 1310 323">
     <span class='ocr_line' id='line_1_1' title="bbox 308 281 1310 323; baseline 0.001 -1"><span class='ocrx_word' id='word_1_1' title='bbox 308 281 391 322; x_wconf 85' lang='lat'>318</span> <span class='ocrx_word' id='word_1_2' title='bbox 785 293 1037 322; x_wconf 83' lang='lat' dir='ltr'><strong>THEOPHILI</strong></span> <span class='ocrx_word' id='word_1_3' title='bbox 1070 294 1206 322; x_wconf 71' lang='lat' dir='ltr'>mmm</span> <span class='ocrx_word' id='word_1_4' title='bbox 1239 295 1310 323; x_wconf 91' lang='lat'>111.</span> 
     </span>
    </p>
   </div>
   <div class='ocr_carea' id='block_1_2' title="bbox 309 393 1770 1129">
    <p class='ocr_par' dir='ltr' id='par_1_2' title="bbox 309 393 1770 1129">
     <span class='ocr_line' id='line_1_2' title="bbox 309 393 1766 451; baseline -0.001 -15"><span class='ocrx_word' id='word_1_5' title='bbox 309 400 384 436; x_wconf 87' lang='lat' dir='ltr'>est.</span> <span class='ocrx_word' id='word_1_6' title='bbox 446 394 546 436; x_wconf 94' lang='lat' dir='ltr'>Non</span> <span class='ocrx_word' id='word_1_7' title='bbox 574 394 685 435; x_wconf 91' lang='lat' dir='ltr'>enim</span> <span class='ocrx_word' id='word_1_8' title='bbox 713 394 885 451; x_wconf 92' lang='lat' dir='ltr'>sulphur</span> <span class='ocrx_word' id='word_1_9' title='bbox 912 395 1001 436; x_wconf 88' lang='lat' dir='ltr'>auri</span> <span class='ocrx_word' id='word_1_10' title='bbox 1029 395 1253 451; x_wconf 86' lang='lat' dir='ltr'>quicquam</span> <span class='ocrx_word' id='word_1_11' title='bbox 1282 394 1505 446; x_wconf 85' lang='lat' dir='ltr'><strong>consumit,</strong></span> <span class='ocrx_word' id='word_1_12' title='bbox 1536 395 1609 436; x_wconf 93' lang='lat' dir='ltr'>sed</span> <span class='ocrx_word' id='word_1_13' title='bbox 1631 393 1766 436; x_wconf 90' lang='lat' dir='ltr'>solum</span> 
     </span>
     <span class='ocr_line' id='line_1_3' title="bbox 310 462 1768 519; baseline -0.001 -16"><span class='ocrx_word' id='word_1_14' title='bbox 310 467 543 518; x_wconf 87' lang='lat' dir='ltr'>argentum,</span> <span class='ocrx_word' id='word_1_15' title='bbox 574 463 688 519; x_wconf 92' lang='lat' dir='ltr'>quod</span> <span class='ocrx_word' id='word_1_16' title='bbox 717 463 854 505; x_wconf 89' lang='lat' dir='ltr'>taliter</span> <span class='ocrx_word' id='word_1_17' title='bbox 883 463 938 504; x_wconf 89' lang='lat' dir='ltr'>ab</span> <span class='ocrx_word' id='word_1_18' title='bbox 969 477 1070 504; x_wconf 87' lang='lat' dir='ltr'>auro</span> <span class='ocrx_word' id='word_1_19' title='bbox 1101 468 1280 518; x_wconf 86' lang='lat' dir='ltr'>separat,</span> <span class='ocrx_word' id='word_1_20' title='bbox 1317 462 1518 519; x_wconf 89' lang='lat' dir='ltr'>quodque</span> <span class='ocrx_word' id='word_1_21' title='bbox 1547 462 1768 517; x_wconf 82' lang='lat' dir='ltr'>diligenter</span> 
     </span>
     <span class='ocr_line' id='line_1_4' title="bbox 310 529 1766 585; baseline 0.001 -15"><span class='ocrx_word' id='word_1_22' title='bbox 310 530 507 572; x_wconf 89' lang='lat' dir='ltr'>servabis.</span> <span class='ocrx_word' id='word_1_23' title='bbox 580 531 766 572; x_wconf 85' lang='lat' dir='ltr'><strong>Rursum</strong></span> <span class='ocrx_word' id='word_1_24' title='bbox 805 531 848 571; x_wconf 92' lang='lat' dir='ltr'>in</span> <span class='ocrx_word' id='word_1_25' title='bbox 888 530 1036 571; x_wconf 92' lang='lat' dir='ltr'>eodem</span> <span class='ocrx_word' id='word_1_26' title='bbox 1077 530 1246 571; x_wconf 89' lang='lat' dir='ltr'>vasculo</span> <span class='ocrx_word' id='word_1_27' title='bbox 1287 530 1394 571; x_wconf 90' lang='lat' dir='ltr'>sicut</span> <span class='ocrx_word' id='word_1_28' title='bbox 1432 529 1546 585; x_wconf 86' lang='lat' dir='ltr'>prius</span> <span class='ocrx_word' id='word_1_29' title='bbox 1586 529 1766 585; x_wconf 85' lang='lat' dir='ltr'><strong>liquefac</strong></span> 
     </span>
     <span class='ocr_line' id='line_1_5' title="bbox 310 597 1767 653; baseline 0 -15"><span class='ocrx_word' id='word_1_30' title='bbox 310 598 448 653; x_wconf 89' lang='lat' dir='ltr'>ipsum</span> <span class='ocrx_word' id='word_1_31' title='bbox 476 613 621 640; x_wconf 87' lang='lat' dir='ltr'>aurum</span> <span class='ocrx_word' id='word_1_32' title='bbox 644 604 687 640; x_wconf 93' lang='lat' dir='ltr'>et</span> <span class='ocrx_word' id='word_1_33' title='bbox 712 599 831 640; x_wconf 85' lang='lat' dir='ltr'>adice</span> <span class='ocrx_word' id='word_1_34' title='bbox 859 597 1042 653; x_wconf 90' lang='lat' dir='ltr'>sulphur.</span> <span class='ocrx_word' id='word_1_35' title='bbox 1105 597 1203 647; x_wconf 84' lang='lat' dir='ltr'>Quo</span> <span class='ocrx_word' id='word_1_36' title='bbox 1231 602 1445 638; x_wconf 90' lang='lat' dir='ltr'>commoto</span> <span class='ocrx_word' id='word_1_37' title='bbox 1473 602 1598 653; x_wconf 90' lang='lat' dir='ltr'>atque</span> <span class='ocrx_word' id='word_1_38' title='bbox 1619 597 1767 649; x_wconf 84' lang='lat' dir='ltr'>effuso,</span> 
     </span>
     <span class='ocr_line' id='line_1_6' title="bbox 310 664 1767 722; baseline 0 -16"><span class='ocrx_word' id='word_1_39' title='bbox 310 666 425 720; x_wconf 90' lang='lat' dir='ltr'>quod</span> <span class='ocrx_word' id='word_1_40' title='bbox 446 666 613 722; x_wconf 86' lang='lat' dir='ltr'>nigrum</span> <span class='ocrx_word' id='word_1_41' title='bbox 632 666 756 707; x_wconf 86' lang='lat' dir='ltr'>fuerit</span> <span class='ocrx_word' id='word_1_42' title='bbox 775 666 922 721; x_wconf 83' lang='lat' dir='ltr'>frange</span> <span class='ocrx_word' id='word_1_43' title='bbox 942 671 984 706; x_wconf 90' lang='lat' dir='ltr'>et</span> <span class='ocrx_word' id='word_1_44' title='bbox 1004 679 1136 716; x_wconf 86' lang='lat' dir='ltr'>serva,</span> <span class='ocrx_word' id='word_1_45' title='bbox 1153 664 1297 721; x_wconf 87' lang='lat' dir='ltr'>sicque</span> <span class='ocrx_word' id='word_1_46' title='bbox 1317 664 1443 706; x_wconf 87' lang='lat' dir='ltr'>facies</span> <span class='ocrx_word' id='word_1_47' title='bbox 1464 664 1599 707; x_wconf 88' lang='lat' dir='ltr'>donec</span> <span class='ocrx_word' id='word_1_48' title='bbox 1620 680 1767 707; x_wconf 88' lang='lat' dir='ltr'>aurum</span> 
     </span>
     <span class='ocr_line' id='line_1_7' title="bbox 311 732 1769 789; baseline -0.001 -15"><span class='ocrx_word' id='word_1_49' title='bbox 311 748 460 788; x_wconf 91' lang='lat' dir='ltr'>purum</span> <span class='ocrx_word' id='word_1_50' title='bbox 490 739 701 789; x_wconf 85' lang='lat' dir='ltr'>appareat.</span> <span class='ocrx_word' id='word_1_51' title='bbox 763 733 930 775; x_wconf 86' lang='lat' dir='ltr'>Deinde</span> <span class='ocrx_word' id='word_1_52' title='bbox 960 747 1085 775; x_wconf 90' lang='lat' dir='ltr'>omne</span> <span class='ocrx_word' id='word_1_53' title='bbox 1114 732 1216 773; x_wconf 91' lang='lat' dir='ltr'>illud</span> <span class='ocrx_word' id='word_1_54' title='bbox 1245 732 1425 788; x_wconf 86' lang='lat' dir='ltr'>nigrum,</span> <span class='ocrx_word' id='word_1_55' title='bbox 1456 732 1570 788; x_wconf 95' lang='lat' dir='ltr'>quod</span> <span class='ocrx_word' id='word_1_56' title='bbox 1595 732 1769 774; x_wconf 89' lang='lat' dir='ltr'>servasti</span> 
     </span>
     <span class='ocr_line' id='line_1_8' title="bbox 312 799 1770 857; baseline -0.001 -15"><span class='ocrx_word' id='word_1_57' title='bbox 312 801 543 857; x_wconf 83' lang='lat' dir='ltr'>diligenter,</span> <span class='ocrx_word' id='word_1_58' title='bbox 579 814 788 856; x_wconf 89' lang='lat' dir='ltr'>compone</span> <span class='ocrx_word' id='word_1_59' title='bbox 828 815 951 856; x_wconf 89' lang='lat' dir='ltr'>super</span> <span class='ocrx_word' id='word_1_60' title='bbox 990 805 1143 842; x_wconf 87' lang='lat' dir='ltr'>testam</span> <span class='ocrx_word' id='word_1_61' title='bbox 1182 799 1461 855; x_wconf 83' lang='lat' dir='ltr'>compositam</span> <span class='ocrx_word' id='word_1_62' title='bbox 1501 815 1554 841; x_wconf 86' lang='lat' dir='ltr'>ex</span> <span class='ocrx_word' id='word_1_63' title='bbox 1594 815 1688 842; x_wconf 89' lang='lat' dir='ltr'>osse</span> <span class='ocrx_word' id='word_1_64' title='bbox 1727 806 1770 841; x_wconf 91' lang='lat' dir='ltr'>et</span> 
     </span>
     <span class='ocr_line' id='line_1_9' title="bbox 311 858 1769 923; baseline -0.001 -13"><span class='ocrx_word' id='word_1_65' title='bbox 311 858 463 920; x_wconf 87' lang='lat' dir='ltr'>cinere,</span> <span class='ocrx_word' id='word_1_66' title='bbox 495 874 537 910; x_wconf 94' lang='lat' dir='ltr'>et</span> <span class='ocrx_word' id='word_1_67' title='bbox 572 869 691 909; x_wconf 90' lang='lat' dir='ltr'>adice</span> <span class='ocrx_word' id='word_1_68' title='bbox 727 867 960 923; x_wconf 87' lang='lat' dir='ltr'><strong>plumbum,</strong></span> <span class='ocrx_word' id='word_1_69' title='bbox 994 866 1135 923; x_wconf 86' lang='lat' dir='ltr'>sicque</span> <span class='ocrx_word' id='word_1_70' title='bbox 1170 867 1382 918; x_wconf 91' lang='lat' dir='ltr'>combure,</span> <span class='ocrx_word' id='word_1_71' title='bbox 1417 873 1465 908; x_wconf 91' lang='lat' dir='ltr'>ut</span> <span class='ocrx_word' id='word_1_72' title='bbox 1493 868 1669 923; x_wconf 86' lang='lat' dir='ltr'>recipias</span> <span class='ocrx_word' id='word_1_73' title='bbox 1704 882 1769 908; x_wconf 91' lang='lat' dir='ltr'>ar-</span> 
     </span>
     <span class='ocr_line' id='line_1_10' title="bbox 313 933 1769 992; baseline -0.001 -15"><span class='ocrx_word' id='word_1_74' title='bbox 313 942 499 992; x_wconf 87' lang='lat' dir='ltr'>gentum.</span> <span class='ocrx_word' id='word_1_75' title='bbox 560 936 688 985; x_wconf 87' lang='lat' dir='ltr'>Quod</span> <span class='ocrx_word' id='word_1_76' title='bbox 723 936 757 977; x_wconf 91' lang='lat' dir='ltr'>si</span> <span class='ocrx_word' id='word_1_77' title='bbox 792 935 847 976; x_wconf 90' lang='lat' dir='ltr'>ad</span> <span class='ocrx_word' id='word_1_78' title='bbox 881 949 1006 976; x_wconf 92' lang='lat' dir='ltr'>usum</span> <span class='ocrx_word' id='word_1_79' title='bbox 1041 933 1184 989; x_wconf 86' lang='lat' dir='ltr'>nigelli</span> <span class='ocrx_word' id='word_1_80' title='bbox 1223 948 1387 975; x_wconf 84' lang='lat' dir='ltr'>servare</span> <span class='ocrx_word' id='word_1_81' title='bbox 1422 935 1615 986; x_wconf 85' lang='lat' dir='ltr'>volueris,</span> <span class='ocrx_word' id='word_1_82' title='bbox 1654 935 1769 991; x_wconf 89' lang='lat' dir='ltr'>prius</span> 
     </span>
     <span class='ocr_line' id='line_1_11' title="bbox 312 1001 1769 1061; baseline -0.001 -15"><span class='ocrx_word' id='word_1_83' title='bbox 312 1019 439 1061; x_wconf 88' lang='lat' dir='ltr'>quam</span> <span class='ocrx_word' id='word_1_84' title='bbox 460 1004 697 1056; x_wconf 89' lang='lat' dir='ltr'>comburas,</span> <span class='ocrx_word' id='word_1_85' title='bbox 714 1003 823 1045; x_wconf 86' lang='lat' dir='ltr'>adde</span> <span class='ocrx_word' id='word_1_86' title='bbox 844 1003 882 1044; x_wconf 88' lang='lat' dir='ltr'>ei</span> <span class='ocrx_word' id='word_1_87' title='bbox 902 1016 1077 1058; x_wconf 88' lang='lat' dir='ltr'>cuprum</span> <span class='ocrx_word' id='word_1_88' title='bbox 1098 1006 1141 1042; x_wconf 85' lang='lat' dir='ltr'>et</span> <span class='ocrx_word' id='word_1_89' title='bbox 1159 1001 1377 1057; x_wconf 92' lang='lat' dir='ltr'><strong>plumbum</strong></span> <span class='ocrx_word' id='word_1_90' title='bbox 1397 1003 1630 1044; x_wconf 91' lang='lat' dir='ltr'>secundum</span> <span class='ocrx_word' id='word_1_91' title='bbox 1650 1017 1769 1044; x_wconf 91' lang='lat' dir='ltr'>men-</span> 
     </span>
     <span class='ocr_line' id='line_1_12' title="bbox 311 1069 1615 1129; baseline -0.002 -15"><span class='ocrx_word' id='word_1_92' title='bbox 311 1087 451 1115; x_wconf 90' lang='lat' dir='ltr'>suram</span> <span class='ocrx_word' id='word_1_93' title='bbox 472 1072 660 1129; x_wconf 81' lang='lat' dir='ltr'>superius</span> <span class='ocrx_word' id='word_1_94' title='bbox 678 1076 971 1124; x_wconf 80' lang='lat' dir='ltr'>memoratam,</span> <span class='ocrx_word' id='word_1_95' title='bbox 992 1075 1035 1112; x_wconf 86' lang='lat' dir='ltr'>et</span> <span class='ocrx_word' id='word_1_96' title='bbox 1054 1069 1266 1111; x_wconf 89' lang='lat' dir='ltr'>confunde</span> <span class='ocrx_word' id='word_1_97' title='bbox 1287 1084 1384 1111; x_wconf 91' lang='lat' dir='ltr'>cum</span> <span class='ocrx_word' id='word_1_98' title='bbox 1406 1069 1615 1126; x_wconf 86' lang='lat' dir='ltr'><strong>sulphure.</strong></span> 
     </span>
    </p>
   </div>
   <div class='ocr_carea' id='block_1_3' title="bbox 713 1462 1366 1525">
    <p class='ocr_par' dir='ltr' id='par_1_3' title="bbox 713 1462 1366 1525">
     <span class='ocr_line' id='line_1_13' title="bbox 713 1462 1366 1525; baseline 0 -1"><span class='ocrx_word' id='word_1_99' title='bbox 713 1462 1027 1525; x_wconf 83' lang='lat' dir='ltr'>CAPUT</span> <span class='ocrx_word' id='word_1_100' title='bbox 1105 1463 1366 1525; x_wconf 90' lang='lat' dir='ltr'>LXXI.</span> 
     </span>
    </p>
   </div>
   <div class='ocr_carea' id='block_1_4' title="bbox 652 1606 1436 1640">
    <p class='ocr_par' dir='ltr' id='par_1_4' title="bbox 652 1606 1436 1640">
     <span class='ocr_line' id='line_1_14' title="bbox 652 1606 1436 1640; baseline -0.001 -4"><span class='ocrx_word' id='word_1_101' title='bbox 652 1608 875 1640; x_wconf 84' lang='lat' dir='ltr'>QUOMODO</span> <span class='ocrx_word' id='word_1_102' title='bbox 909 1607 1205 1635; x_wconf 86' lang='lat' dir='ltr'><strong>DENIGRETUR</strong></span> <span class='ocrx_word' id='word_1_103' title='bbox 1235 1606 1436 1635; x_wconf 84' lang='lat' dir='ltr'><strong>CUPRUM.</strong></span> 
     </span>
    </p>
   </div>
   <div class='ocr_carea' id='block_1_5' title="bbox 315 1703 1774 2848">
    <p class='ocr_par' dir='ltr' id='par_1_5' title="bbox 315 1703 1774 2848">
     <span class='ocr_line' id='line_1_15' title="bbox 318 1703 1773 1805; baseline -0.002 -59"><span class='ocrx_word' id='word_1_104' title='bbox 318 1704 473 1805; x_wconf 85' lang='lat' dir='ltr'>DE</span> <span class='ocrx_word' id='word_1_105' title='bbox 491 1721 619 1762; x_wconf 88' lang='lat' dir='ltr'>cupro</span> <span class='ocrx_word' id='word_1_106' title='bbox 641 1707 893 1762; x_wconf 86' lang='lat' dir='ltr'>supradicto,</span> <span class='ocrx_word' id='word_1_107' title='bbox 909 1707 1023 1763; x_wconf 90' lang='lat' dir='ltr'>quod</span> <span class='ocrx_word' id='word_1_108' title='bbox 1044 1707 1218 1748; x_wconf 90' lang='lat' dir='ltr'>rubeum</span> <span class='ocrx_word' id='word_1_109' title='bbox 1240 1707 1402 1758; x_wconf 89' lang='lat' dir='ltr'>dicitur,</span> <span class='ocrx_word' id='word_1_110' title='bbox 1419 1705 1486 1746; x_wconf 89' lang='lat' dir='ltr'>fac</span> <span class='ocrx_word' id='word_1_111' title='bbox 1507 1703 1581 1745; x_wconf 90' lang='lat' dir='ltr'>tibi</span> <span class='ocrx_word' id='word_1_112' title='bbox 1596 1703 1773 1745; x_wconf 81' lang='lat' dir='ltr'>laminas</span> 
     </span>
     <span class='ocr_line' id='line_1_16' title="bbox 462 1771 1773 1831; baseline -0.002 -17"><span class='ocrx_word' id='word_1_113' title='bbox 462 1773 715 1826; x_wconf 87' lang='lat' dir='ltr'>attenuare¹,</span> <span class='ocrx_word' id='word_1_114' title='bbox 746 1780 915 1831; x_wconf 79' lang='lat' dir='ltr'>quantae</span> <span class='ocrx_word' id='word_1_115' title='bbox 943 1775 1218 1831; x_wconf 83' lang='lat' dir='ltr'>longitudinis</span> <span class='ocrx_word' id='word_1_116' title='bbox 1237 1775 1355 1816; x_wconf 88' lang='lat' dir='ltr'>velis.</span> <span class='ocrx_word' id='word_1_117' title='bbox 1417 1773 1535 1822; x_wconf 81' lang='lat' dir='ltr'>Quas</span> <span class='ocrx_word' id='word_1_118' title='bbox 1555 1786 1650 1813; x_wconf 91' lang='lat' dir='ltr'>cum</span> <span class='ocrx_word' id='word_1_119' title='bbox 1670 1771 1773 1813; x_wconf 90' lang='lat' dir='ltr'>inci-</span> 
     </span>
     <span class='ocr_line' id='line_1_17' title="bbox 316 1839 1773 1898; baseline -0.001 -16"><span class='ocrx_word' id='word_1_120' title='bbox 316 1841 426 1883; x_wconf 90' lang='lat' dir='ltr'>deris</span> <span class='ocrx_word' id='word_1_121' title='bbox 453 1848 495 1883; x_wconf 92' lang='lat' dir='ltr'>et</span> <span class='ocrx_word' id='word_1_122' title='bbox 522 1842 729 1898; x_wconf 91' lang='lat' dir='ltr'>aptaveris</span> <span class='ocrx_word' id='word_1_123' title='bbox 764 1842 880 1898; x_wconf 93' lang='lat' dir='ltr'>operi</span> <span class='ocrx_word' id='word_1_124' title='bbox 911 1847 999 1894; x_wconf 86' lang='lat' dir='ltr'>tuo,</span> <span class='ocrx_word' id='word_1_125' title='bbox 1032 1842 1227 1898; x_wconf 87' lang='lat' dir='ltr'>pertrahe</span> <span class='ocrx_word' id='word_1_126' title='bbox 1253 1842 1297 1883; x_wconf 91' lang='lat' dir='ltr'>in</span> <span class='ocrx_word' id='word_1_127' title='bbox 1329 1841 1409 1883; x_wconf 91' lang='lat' dir='ltr'>illis</span> <span class='ocrx_word' id='word_1_128' title='bbox 1441 1840 1652 1891; x_wconf 88' lang='lat' dir='ltr'>flosculos,</span> <span class='ocrx_word' id='word_1_129' title='bbox 1687 1839 1773 1880; x_wconf 89' lang='lat' dir='ltr'>sive</span> 
     </span>
     <span class='ocr_line' id='line_1_18' title="bbox 316 1907 1774 1966; baseline -0.002 -16"><span class='ocrx_word' id='word_1_130' title='bbox 316 1909 484 1962; x_wconf 89' lang='lat' dir='ltr'>bestias,</span> <span class='ocrx_word' id='word_1_131' title='bbox 512 1916 585 1951; x_wconf 90' lang='lat' dir='ltr'>aut</span> <span class='ocrx_word' id='word_1_132' title='bbox 605 1910 717 1951; x_wconf 91' lang='lat' dir='ltr'>aliud</span> <span class='ocrx_word' id='word_1_133' title='bbox 739 1910 853 1966; x_wconf 93' lang='lat' dir='ltr'>quod</span> <span class='ocrx_word' id='word_1_134' title='bbox 873 1910 1066 1962; x_wconf 87' lang='lat' dir='ltr'>volueris,</span> <span class='ocrx_word' id='word_1_135' title='bbox 1097 1915 1139 1952; x_wconf 91' lang='lat' dir='ltr'>et</span> <span class='ocrx_word' id='word_1_136' title='bbox 1159 1910 1256 1952; x_wconf 91' lang='lat' dir='ltr'>fode</span> <span class='ocrx_word' id='word_1_137' title='bbox 1277 1924 1373 1951; x_wconf 88' lang='lat' dir='ltr'>cum</span> <span class='ocrx_word' id='word_1_138' title='bbox 1393 1908 1538 1965; x_wconf 87' lang='lat' dir='ltr'>gracili</span> <span class='ocrx_word' id='word_1_139' title='bbox 1558 1908 1666 1949; x_wconf 90' lang='lat' dir='ltr'>ferro</span> <span class='ocrx_word' id='word_1_140' title='bbox 1686 1907 1774 1948; x_wconf 90' lang='lat' dir='ltr'>fos—</span> 
     </span>
     <span class='ocr_line' id='line_1_19' title="bbox 316 1975 1774 2034; baseline -0.003 -15"><span class='ocrx_word' id='word_1_141' title='bbox 316 1978 439 2019; x_wconf 91' lang='lat' dir='ltr'>sorio.</span> <span class='ocrx_word' id='word_1_142' title='bbox 504 1978 669 2020; x_wconf 90' lang='lat' dir='ltr'>Deinde</span> <span class='ocrx_word' id='word_1_143' title='bbox 700 1979 799 2019; x_wconf 89' lang='lat' dir='ltr'>tolle</span> <span class='ocrx_word' id='word_1_144' title='bbox 830 1978 983 2030; x_wconf 87' lang='lat' dir='ltr'>oleum,</span> <span class='ocrx_word' id='word_1_145' title='bbox 1004 1978 1118 2034; x_wconf 92' lang='lat' dir='ltr'>quod</span> <span class='ocrx_word' id='word_1_146' title='bbox 1149 1978 1197 2018; x_wconf 93' lang='lat' dir='ltr'>fit</span> <span class='ocrx_word' id='word_1_147' title='bbox 1226 1978 1279 2019; x_wconf 91' lang='lat' dir='ltr'>de</span> <span class='ocrx_word' id='word_1_148' title='bbox 1310 1977 1468 2019; x_wconf 89' lang='lat' dir='ltr'>semine</span> <span class='ocrx_word' id='word_1_149' title='bbox 1497 1975 1584 2028; x_wconf 87' lang='lat' dir='ltr'>lini,</span> <span class='ocrx_word' id='word_1_150' title='bbox 1607 1981 1649 2017; x_wconf 90' lang='lat' dir='ltr'>et</span> <span class='ocrx_word' id='word_1_151' title='bbox 1677 1990 1774 2016; x_wconf 91' lang='lat' dir='ltr'>cum</span> 
     </span>
     <span class='ocr_line' id='line_1_20' title="bbox 315 2044 1772 2103; baseline -0.002 -15"><span class='ocrx_word' id='word_1_152' title='bbox 315 2047 448 2103; x_wconf 90' lang='lat' dir='ltr'>digito</span> <span class='ocrx_word' id='word_1_153' title='bbox 481 2047 725 2102; x_wconf 88' lang='lat' dir='ltr'>superlinies</span> <span class='ocrx_word' id='word_1_154' title='bbox 746 2061 820 2102; x_wconf 90' lang='lat' dir='ltr'>per</span> <span class='ocrx_word' id='word_1_155' title='bbox 851 2047 993 2088; x_wconf 89' lang='lat' dir='ltr'>omnia</span> <span class='ocrx_word' id='word_1_156' title='bbox 1019 2052 1156 2098; x_wconf 89' lang='lat' dir='ltr'>tenue,</span> <span class='ocrx_word' id='word_1_157' title='bbox 1188 2052 1316 2103; x_wconf 90' lang='lat' dir='ltr'>atque</span> <span class='ocrx_word' id='word_1_158' title='bbox 1337 2061 1433 2088; x_wconf 90' lang='lat' dir='ltr'>cum</span> <span class='ocrx_word' id='word_1_159' title='bbox 1458 2059 1596 2101; x_wconf 86' lang='lat' dir='ltr'>penna</span> <span class='ocrx_word' id='word_1_160' title='bbox 1615 2044 1772 2086; x_wconf 89' lang='lat' dir='ltr'>anseris</span> 
     </span>
     <span class='ocr_line' id='line_1_21' title="bbox 315 2113 1772 2172; baseline -0.003 -15"><span class='ocrx_word' id='word_1_161' title='bbox 315 2115 517 2172; x_wconf 79' lang='lat' dir='ltr'>aequabis,</span> <span class='ocrx_word' id='word_1_162' title='bbox 551 2121 592 2156; x_wconf 90' lang='lat' dir='ltr'>et</span> <span class='ocrx_word' id='word_1_163' title='bbox 611 2120 759 2156; x_wconf 89' lang='lat' dir='ltr'>tenens</span> <span class='ocrx_word' id='word_1_164' title='bbox 791 2129 888 2156; x_wconf 91' lang='lat' dir='ltr'>cum</span> <span class='ocrx_word' id='word_1_165' title='bbox 909 2114 1066 2170; x_wconf 86' lang='lat' dir='ltr'>forcipe</span> <span class='ocrx_word' id='word_1_166' title='bbox 1087 2129 1219 2170; x_wconf 91' lang='lat' dir='ltr'>pones</span> <span class='ocrx_word' id='word_1_167' title='bbox 1248 2129 1372 2170; x_wconf 93' lang='lat' dir='ltr'>super</span> <span class='ocrx_word' id='word_1_168' title='bbox 1391 2127 1546 2169; x_wconf 89' lang='lat' dir='ltr'>prunas</span> <span class='ocrx_word' id='word_1_169' title='bbox 1566 2113 1772 2154; x_wconf 86' lang='lat' dir='ltr'>ardentes.</span> 
     </span>
     <span class='ocr_line' id='line_1_22' title="bbox 317 2179 1774 2240; baseline -0.003 -15"><span class='ocrx_word' id='word_1_170' title='bbox 317 2183 511 2240; x_wconf 89' lang='lat' dir='ltr'><strong>Cumque</strong></span> <span class='ocrx_word' id='word_1_171' title='bbox 531 2182 746 2225; x_wconf 90' lang='lat' dir='ltr'>modicum</span> <span class='ocrx_word' id='word_1_172' title='bbox 765 2182 994 2234; x_wconf 89' lang='lat' dir='ltr'>incaluerit,</span> <span class='ocrx_word' id='word_1_173' title='bbox 1024 2187 1066 2224; x_wconf 92' lang='lat' dir='ltr'>et</span> <span class='ocrx_word' id='word_1_174' title='bbox 1086 2183 1227 2224; x_wconf 90' lang='lat' dir='ltr'>oleum</span> <span class='ocrx_word' id='word_1_175' title='bbox 1246 2182 1518 2239; x_wconf 87' lang='lat' dir='ltr'>liquefactum</span> <span class='ocrx_word' id='word_1_176' title='bbox 1538 2180 1674 2232; x_wconf 90' lang='lat' dir='ltr'>fuerit,</span> <span class='ocrx_word' id='word_1_177' title='bbox 1701 2179 1774 2221; x_wconf 89' lang='lat' dir='ltr'>de-</span> 
     </span>
     <span class='ocr_line' id='line_1_23' title="bbox 317 2249 1774 2307; baseline -0.003 -15"><span class='ocrx_word' id='word_1_178' title='bbox 317 2266 401 2293; x_wconf 91' lang='lat' dir='ltr'>nuo</span> <span class='ocrx_word' id='word_1_179' title='bbox 429 2266 527 2292; x_wconf 86' lang='lat' dir='ltr'>cum</span> <span class='ocrx_word' id='word_1_180' title='bbox 556 2265 698 2307; x_wconf 87' lang='lat' dir='ltr'>penna</span> <span class='ocrx_word' id='word_1_181' title='bbox 728 2250 916 2307; x_wconf 81' lang='lat' dir='ltr'>aequabis</span> <span class='ocrx_word' id='word_1_182' title='bbox 946 2265 1194 2307; x_wconf 87' lang='lat' dir='ltr'>rursumque</span> <span class='ocrx_word' id='word_1_183' title='bbox 1224 2250 1414 2306; x_wconf 90' lang='lat' dir='ltr'>impones</span> <span class='ocrx_word' id='word_1_184' title='bbox 1442 2249 1599 2305; x_wconf 91' lang='lat' dir='ltr'>prunis,</span> <span class='ocrx_word' id='word_1_185' title='bbox 1632 2250 1774 2304; x_wconf 88' lang='lat' dir='ltr'>sicque</span> 
     </span>
     <span class='ocr_line' id='line_1_24' title="bbox 318 2316 1774 2373; baseline -0.003 -13"><span class='ocrx_word' id='word_1_186' title='bbox 318 2319 446 2360; x_wconf 89' lang='lat' dir='ltr'>facies</span> <span class='ocrx_word' id='word_1_187' title='bbox 467 2319 603 2360; x_wconf 92' lang='lat' dir='ltr'>donec</span> <span class='ocrx_word' id='word_1_188' title='bbox 625 2318 870 2360; x_wconf 87' lang='lat' dir='ltr'>exsiccetur.</span> <span class='ocrx_word' id='word_1_189' title='bbox 931 2317 1060 2367; x_wconf 84' lang='lat' dir='ltr'>Quod</span> <span class='ocrx_word' id='word_1_190' title='bbox 1081 2318 1115 2359; x_wconf 91' lang='lat' dir='ltr'>si</span> <span class='ocrx_word' id='word_1_191' title='bbox 1135 2317 1288 2359; x_wconf 88' lang='lat' dir='ltr'>videris</span> <span class='ocrx_word' id='word_1_192' title='bbox 1308 2332 1381 2373; x_wconf 89' lang='lat' dir='ltr'>per</span> <span class='ocrx_word' id='word_1_193' title='bbox 1401 2317 1542 2359; x_wconf 86' lang='lat' dir='ltr'>omnia</span> <span class='ocrx_word' id='word_1_194' title='bbox 1561 2316 1774 2372; x_wconf 89' lang='lat' dir='ltr'>aequaliter</span> 
     </span>
     <span class='ocr_line' id='line_1_25' title="bbox 317 2383 1773 2442; baseline -0.003 -14"><span class='ocrx_word' id='word_1_195' title='bbox 317 2401 422 2438; x_wconf 86' lang='lat' dir='ltr'>esse,</span> <span class='ocrx_word' id='word_1_196' title='bbox 452 2385 572 2426; x_wconf 87' lang='lat' dir='ltr'>mitte</span> <span class='ocrx_word' id='word_1_197' title='bbox 602 2400 726 2441; x_wconf 91' lang='lat' dir='ltr'>super</span> <span class='ocrx_word' id='word_1_198' title='bbox 755 2385 959 2427; x_wconf 87' lang='lat' dir='ltr'>carbones</span> <span class='ocrx_word' id='word_1_199' title='bbox 988 2386 1110 2427; x_wconf 90' lang='lat' dir='ltr'>valde</span> <span class='ocrx_word' id='word_1_200' title='bbox 1138 2386 1309 2442; x_wconf 86' lang='lat' dir='ltr'>ignitos,</span> <span class='ocrx_word' id='word_1_201' title='bbox 1339 2390 1382 2426; x_wconf 93' lang='lat' dir='ltr'>et</span> <span class='ocrx_word' id='word_1_202' title='bbox 1408 2391 1494 2426; x_wconf 86' lang='lat' dir='ltr'>tam</span> <span class='ocrx_word' id='word_1_203' title='bbox 1524 2383 1595 2425; x_wconf 92' lang='lat' dir='ltr'>diu</span> <span class='ocrx_word' id='word_1_204' title='bbox 1618 2384 1773 2439; x_wconf 88' lang='lat' dir='ltr'>jaceat,</span> 
     </span>
     <span class='ocr_line' id='line_1_26' title="bbox 318 2451 1774 2509; baseline -0.002 -15"><span class='ocrx_word' id='word_1_205' title='bbox 318 2454 453 2495; x_wconf 89' lang='lat' dir='ltr'>donec</span> <span class='ocrx_word' id='word_1_206' title='bbox 483 2458 618 2494; x_wconf 87' lang='lat' dir='ltr'>cesset</span> <span class='ocrx_word' id='word_1_207' title='bbox 647 2453 820 2495; x_wconf 86' lang='lat' dir='ltr'>fumare.</span> <span class='ocrx_word' id='word_1_208' title='bbox 893 2453 951 2494; x_wconf 91' lang='lat' dir='ltr'>Et</span> <span class='ocrx_word' id='word_1_209' title='bbox 982 2453 1017 2495; x_wconf 90' lang='lat' dir='ltr'>si</span> <span class='ocrx_word' id='word_1_210' title='bbox 1047 2453 1147 2495; x_wconf 88' lang='lat' dir='ltr'>satis</span> <span class='ocrx_word' id='word_1_211' title='bbox 1176 2453 1342 2509; x_wconf 89' lang='lat' dir='ltr'>nigrum</span> <span class='ocrx_word' id='word_1_212' title='bbox 1372 2453 1507 2504; x_wconf 87' lang='lat' dir='ltr'>fuerit,</span> <span class='ocrx_word' id='word_1_213' title='bbox 1537 2452 1667 2503; x_wconf 89' lang='lat' dir='ltr'>bene;</span> <span class='ocrx_word' id='word_1_214' title='bbox 1709 2451 1774 2492; x_wconf 92' lang='lat' dir='ltr'>sin</span> 
     </span>
     <span class='ocr_line' id='line_1_27' title="bbox 318 2518 1773 2577; baseline -0.003 -14"><span class='ocrx_word' id='word_1_215' title='bbox 318 2527 472 2573; x_wconf 88' lang='lat' dir='ltr'>autem,</span> <span class='ocrx_word' id='word_1_216' title='bbox 502 2521 624 2562; x_wconf 88' lang='lat' dir='ltr'>valde</span> <span class='ocrx_word' id='word_1_217' title='bbox 650 2535 798 2577; x_wconf 89' lang='lat' dir='ltr'>parum</span> <span class='ocrx_word' id='word_1_218' title='bbox 827 2520 908 2563; x_wconf 91' lang='lat' dir='ltr'>olei</span> <span class='ocrx_word' id='word_1_219' title='bbox 935 2535 1031 2562; x_wconf 88' lang='lat' dir='ltr'>cum</span> <span class='ocrx_word' id='word_1_220' title='bbox 1051 2534 1190 2576; x_wconf 86' lang='lat' dir='ltr'>penna</span> <span class='ocrx_word' id='word_1_221' title='bbox 1217 2535 1342 2576; x_wconf 90' lang='lat' dir='ltr'>super</span> <span class='ocrx_word' id='word_1_222' title='bbox 1361 2520 1543 2561; x_wconf 85' lang='lat' dir='ltr'>calidum</span> <span class='ocrx_word' id='word_1_223' title='bbox 1563 2520 1622 2560; x_wconf 92' lang='lat' dir='ltr'>ita</span> <span class='ocrx_word' id='word_1_224' title='bbox 1640 2518 1773 2570; x_wconf 90' lang='lat' dir='ltr'>linies,</span> 
     </span>
     <span class='ocr_line' id='line_1_28' title="bbox 318 2586 1774 2645; baseline -0.001 -15"><span class='ocrx_word' id='word_1_225' title='bbox 318 2595 614 2645; x_wconf 77' lang='lat' dir='ltr'>aequatumque</span> <span class='ocrx_word' id='word_1_226' title='bbox 644 2588 783 2630; x_wconf 93' lang='lat' dir='ltr'>denuo</span> <span class='ocrx_word' id='word_1_227' title='bbox 818 2588 1011 2630; x_wconf 87' lang='lat' dir='ltr'>conflatis</span> <span class='ocrx_word' id='word_1_228' title='bbox 1044 2588 1299 2630; x_wconf 90' lang='lat' dir='ltr'>carbonibus</span> <span class='ocrx_word' id='word_1_229' title='bbox 1329 2603 1579 2644; x_wconf 89' lang='lat' dir='ltr'>superpone,</span> <span class='ocrx_word' id='word_1_230' title='bbox 1615 2586 1774 2628; x_wconf 89' lang='lat' dir='ltr'>faciens</span> 
     </span>
     <span class='ocr_line' id='line_1_29' title="bbox 319 2654 1773 2714; baseline -0.002 -15"><span class='ocrx_word' id='word_1_231' title='bbox 319 2658 427 2699; x_wconf 89' lang='lat' dir='ltr'>sicut</span> <span class='ocrx_word' id='word_1_232' title='bbox 457 2658 585 2713; x_wconf 89' lang='lat' dir='ltr'>prius.</span> <span class='ocrx_word' id='word_1_233' title='bbox 645 2656 839 2713; x_wconf 86' lang='lat' dir='ltr'><strong>Cumque</strong></span> <span class='ocrx_word' id='word_1_234' title='bbox 868 2657 1158 2714; x_wconf 87' lang='lat' dir='ltr'>refrigeratum</span> <span class='ocrx_word' id='word_1_235' title='bbox 1190 2657 1329 2709; x_wconf 88' lang='lat' dir='ltr'>suerit,</span> <span class='ocrx_word' id='word_1_236' title='bbox 1358 2671 1444 2698; x_wconf 91' lang='lat' dir='ltr'>non</span> <span class='ocrx_word' id='word_1_237' title='bbox 1477 2657 1521 2697; x_wconf 93' lang='lat' dir='ltr'>in</span> <span class='ocrx_word' id='word_1_238' title='bbox 1553 2670 1665 2711; x_wconf 87' lang='lat' dir='ltr'>aqua</span> <span class='ocrx_word' id='word_1_239' title='bbox 1699 2654 1773 2696; x_wconf 88' lang='lat' dir='ltr'>sed</span> 
     </span>
     <span class='ocr_line' id='line_1_30' title="bbox 318 2723 1774 2781; baseline -0.002 -15"><span class='ocrx_word' id='word_1_240' title='bbox 318 2740 392 2781; x_wconf 87' lang='lat' dir='ltr'>per</span> <span class='ocrx_word' id='word_1_241' title='bbox 413 2739 471 2778; x_wconf 87' lang='lat' dir='ltr'>se,</span> <span class='ocrx_word' id='word_1_242' title='bbox 503 2740 600 2766; x_wconf 90' lang='lat' dir='ltr'>cum</span> <span class='ocrx_word' id='word_1_243' title='bbox 622 2724 739 2766; x_wconf 89' lang='lat' dir='ltr'>ferris</span> <span class='ocrx_word' id='word_1_244' title='bbox 774 2724 942 2766; x_wconf 87' lang='lat' dir='ltr'>rasoriis</span> <span class='ocrx_word' id='word_1_245' title='bbox 971 2724 1095 2766; x_wconf 91' lang='lat' dir='ltr'>valde</span> <span class='ocrx_word' id='word_1_246' title='bbox 1130 2725 1264 2766; x_wconf 88' lang='lat' dir='ltr'>acutis</span> <span class='ocrx_word' id='word_1_247' title='bbox 1297 2725 1398 2767; x_wconf 86' lang='lat' dir='ltr'>rade</span> <span class='ocrx_word' id='word_1_248' title='bbox 1425 2725 1646 2781; x_wconf 88' lang='lat' dir='ltr'>diligenter</span> <span class='ocrx_word' id='word_1_249' title='bbox 1673 2723 1774 2763; x_wconf 90' lang='lat' dir='ltr'>flos-</span> 
     </span>
     <span class='ocr_line' id='line_1_31' title="bbox 319 2791 1773 2848; baseline -0.002 -14"><span class='ocrx_word' id='word_1_250' title='bbox 319 2792 450 2845; x_wconf 89' lang='lat' dir='ltr'>culos,</span> <span class='ocrx_word' id='word_1_251' title='bbox 480 2792 538 2836; x_wconf 79' lang='lat' dir='ltr'>ita</span> <span class='ocrx_word' id='word_1_252' title='bbox 559 2797 605 2834; x_wconf 90' lang='lat' dir='ltr'>ut</span> <span class='ocrx_word' id='word_1_253' title='bbox 630 2792 769 2848; x_wconf 87' lang='lat' dir='ltr'>campi</span> <span class='ocrx_word' id='word_1_254' title='bbox 799 2798 1029 2848; x_wconf 86' lang='lat' dir='ltr'>appareant</span> <span class='ocrx_word' id='word_1_255' title='bbox 1058 2792 1177 2848; x_wconf 87' lang='lat' dir='ltr'>nigri.</span> <span class='ocrx_word' id='word_1_256' title='bbox 1239 2791 1282 2833; x_wconf 84' lang='lat' dir='ltr'>Si</span> <span class='ocrx_word' id='word_1_257' title='bbox 1303 2808 1401 2835; x_wconf 89' lang='lat' dir='ltr'>vero</span> <span class='ocrx_word' id='word_1_258' title='bbox 1431 2793 1577 2835; x_wconf 82' lang='lat' dir='ltr'>litterae</span> <span class='ocrx_word' id='word_1_259' title='bbox 1608 2791 1773 2842; x_wconf 88' lang='lat' dir='ltr'>fuerint,</span> 
     </span>
    </p>
   </div>
   <div class='ocr_carea' id='block_1_6' title="bbox 933 2905 1156 2948">
    <p class='ocr_par' dir='ltr' id='par_1_6' title="bbox 933 2905 1156 2948">
     <span class='ocr_line' id='line_1_32' title="bbox 933 2905 1156 2948; baseline 0 -12"><span class='ocrx_word' id='word_1_260' title='bbox 933 2905 952 2948; x_wconf 32' lang='lat'>*¹</span> <span class='ocrx_word' id='word_1_261' title='bbox 975 2905 1126 2936; x_wconf 82' lang='lat' dir='ltr'>attenuari</span> <span class='ocrx_word' id='word_1_262' title='bbox 1136 2906 1156 2947; x_wconf 18' lang='lat'>2&gt;</span> 
     </span>
    </p>
   </div>
  </div>
 </body>
</html>
