1970 3202
245 279 326 320 122
722 292 971 320 ‘rnnopmm
1005 292 1140 319 LIBER
1172 292 1220 319 11.

715 593 1024 656 CAPUT
1102 592 1215 655 IV

496 777 555 803 DE
587 776 904 805 COMMIXTIONE
935 776 1143 803 CINERUM
1177 776 1230 804 ET
1262 776 1439 803 SABULI.

362 908 414 950 IS
445 910 503 950 ita
523 910 777 965 compositis,
799 910 941 966 accipe
962 910 1076 966 ligna
1104 910 1270 965 faginea
1301 910 1473 953 omnino
1503 911 1545 951 in
1576 911 1690 952 fumo

378 977 602 1028 exsiccata,
623 983 665 1018 et
695 978 877 1020 accende
907 978 1047 1032 ignem
1078 977 1295 1033 copiosum
1325 978 1368 1018 in
1398 979 1545 1034 majori
1570 978 1690 1019 furno

239 1060 291 1088 ex
327 1051 502 1101 utraque
535 1051 664 1101 parte.
726 1046 893 1088 Deinde
925 1047 1075 1088 tollens
1108 1046 1215 1087 duas
1245 1052 1384 1101 partes
1419 1046 1603 1088 cinerum
1638 1047 1691 1088 de

238 1113 391 1170 quibus
412 1127 537 1168 supra
557 1113 752 1165 diximus,
773 1119 815 1155 et
843 1114 1010 1155 tertiam
1040 1114 1174 1155 sabuli
1205 1113 1430 1170 diligentur
1448 1114 1502 1155 de
1522 1119 1632 1155 terra
1651 1120 1693 1155 et

240 1181 448 1236 lapidibus
478 1181 658 1236 purgati,
689 1181 803 1237 quod
838 1182 891 1223 de
926 1196 1036 1238 aqua
1069 1181 1225 1233 tuleris,
1256 1181 1481 1223 commisce
1520 1182 1563 1222 in
1597 1182 1691 1223 loco

239 1248 412 1290 mundo.
473 1248 667 1305 Cumque
687 1250 759 1291 diu
780 1256 822 1291 et
850 1250 957 1291 bene
977 1249 1207 1291 commixta
1234 1248 1399 1301 fuerint,
1420 1250 1563 1290 levans
1594 1264 1692 1290 cum

238 1317 361 1357 trulla
377 1316 508 1358 ferrea
524 1332 634 1373 pone
649 1317 691 1358 in
708 1317 855 1359 minori
880 1323 994 1373 parte
1014 1317 1123 1358 furni
1143 1331 1267 1372 super
1286 1317 1413 1358 larem
1438 1316 1690 1372 superiorem

240 1388 286 1424 ut
315 1390 563 1440 coquantur,
585 1390 627 1426 et
656 1399 752 1426 cum
782 1385 983 1441 coeperint
1011 1385 1202 1436 calefieri,
1224 1385 1365 1426 statim
1395 1384 1542 1427 eadem
1571 1383 1693 1425 trulla

241 1466 376 1503 move,
398 1467 451 1493 ne
482 1453 587 1494 forte
619 1453 836 1509 liquefiant
870 1468 895 1495 a
927 1454 1064 1495 calore
1100 1453 1208 1509 ignis
1243 1458 1285 1494 et
1315 1453 1690 1509 conglomerentur,

240 1519 383 1576 sicque
400 1520 527 1562 facies
547 1535 621 1576 per
641 1521 823 1576 spatium
843 1522 966 1563 unius
986 1522 1122 1563 noctis
1145 1527 1187 1563 et
1206 1521 1300 1563 diei.

729 2034 1029 2097 CAPUT
1111 2034 1180 2095 W

369 2208 429 2235 DE
459 2207 587 2236 VASIS
617 2207 776 2236 OPERIS
808 2208 863 2237 ΕΤ
893 2209 954 2236 DE
983 2208 1230 2241 cOQUENDO
1261 2208 1400 2237 VITRO
1430 2207 1562 2237 ALBO.

245 2342 345 2441 IN
377 2358 462 2399 quo
497 2344 634 2400 spatio
666 2342 809 2399 accipe
840 2343 972 2384 lutum
1002 2342 1157 2394 album,
1187 2357 1240 2384 ex
1269 2356 1354 2398 quo
1384 2348 1692 2398 componuntur

324 2412 433 2464 ollae,
453 2417 494 2452 et
517 2411 734 2453 exsiccans
762 2416 850 2452 tere
879 2411 1113 2466 diligenter,
1135 2416 1177 2451 et
1206 2410 1344 2451 infusa
1373 2423 1496 2466 aqua,
1528 2424 1692 2451 macera

242 2494 339 2521 cum
369 2480 484 2535 ligno
514 2480 687 2531 fortiter,
718 2484 761 2521 et
789 2493 995 2535 compone
1025 2493 1126 2520 vasa
1154 2484 1243 2530 tua,
1267 2493 1361 2535 quae
1389 2477 1473 2519 sint
1502 2478 1692 2533 superius

242 2548 338 2599 lata,
359 2547 530 2589 inferius
550 2562 650 2589 vero
681 2546 837 2599 stricta,
859 2547 1058 2588 habentia
1087 2547 1196 2588 circa
1226 2560 1299 2588 ora
1328 2545 1486 2587 labium
1515 2560 1691 2601 parvum

242 2616 413 2657 interius
434 2630 667 2657 recurvum.
729 2615 838 2664 Quae
850 2629 946 2656 cum
963 2615 1073 2656 sicca
1086 2614 1250 2667 fuerint,
1266 2614 1409 2671 accipe
1425 2629 1520 2656 cum
1534 2614 1692 2670 forcipe

242 2698 404 2740 ponens
425 2698 474 2725 ea
494 2684 539 2725 in
558 2683 761 2725 foramine
782 2683 891 2724 furni
910 2683 1129 2725 candentis
1149 2683 1203 2725 ad
1223 2683 1305 2724 hoc
1321 2683 1477 2738 aptata,
1492 2688 1534 2724 et
1548 2683 1691 2723 levans

243 2766 340 2793 cum
371 2752 495 2793 trulla
528 2752 686 2793 cineres
718 2757 861 2793 coctos
895 2751 1042 2793 sabulo
1075 2751 1242 2802 mixtos,
1272 2750 1399 2806 imple
1430 2750 1572 2792 omnia
1590 2764 1693 2791 vasa

244 2834 427 2876 vespere,
450 2826 491 2861 et
519 2835 593 2876 per
621 2826 755 2863 totam
785 2826 951 2862 noctem
982 2820 1090 2861 adde
1111 2819 1225 2876 ligna
1245 2819 1370 2872 sicca,
1391 2824 1439 2860 ut
1457 2818 1606 2859 vitrum
1639 2831 1690 2858 ex

243 2887 450 2930 cineribus
471 2894 513 2930 et
533 2889 681 2931 sabulo
702 2889 882 2945 plenitur
902 2888 1172 2945 liquefactum
1193 2892 1408 2944 coquatur.
