1970 3202
250 266 335 306 226
707 279 958 308 THEOPHILI
991 281 1125 308 LIBER
1155 281 1224 307 111.

650 484 962 546 CAPUT
1040 485 1280 545 XXII.

270 644 330 670 DE
360 644 574 673 VASCULIS
605 646 666 672 AD
698 645 1107 678 LIQUEFAOIENDUM
1139 645 1303 673 AURUM
1336 645 1391 672 ET
1422 644 1687 672 ARGENTUM.

253 740 466 839 HAEC
487 743 628 784 omnia
650 758 733 799 prae
755 744 947 785 manibus
968 744 1143 794 habens,
1165 743 1308 798 accipe
1335 743 1525 798 argillam
1546 742 1701 792 albam,

397 816 439 851 et
470 816 557 852 tere
590 825 683 852 eam
720 812 1015 862 minutissime,
1051 811 1318 867 acceptisque
1351 811 1462 852 vasis
1490 810 1700 852 veteribus

247 878 288 917 in
322 877 472 933 quibus
522 893 670 919 aurum
702 880 766 920 vel
796 885 1018 934 argentum
1045 879 1158 934 prius
1199 879 1383 919 infusum
1415 878 1549 929 fuerit,
1582 893 1700 920 com-

248 945 387 985 minue
428 945 703 1000 singulariter.
779 946 887 995 Quae
928 947 962 987 si
1002 962 1088 988 non
1139 947 1310 997 habeas,
1351 946 1494 1001 accipe
1523 946 1698 986 testulas

248 1013 338 1053 011ae
360 1013 478 1064 albae,
501 1018 543 1054 et
563 1014 682 1054 mitte
703 1029 773 1055 eas
804 1015 846 1054 in
868 1014 1011 1069 ignem
1032 1015 1168 1055 donec
1189 1015 1459 1063 candescant,
1480 1019 1522 1054 et
1551 1012 1584 1053 si
1613 1027 1700 1053 non

246 1079 445 1131 resiliunt,
467 1080 556 1121 sine
589 1081 822 1137 refrigerari
855 1087 897 1122 et
929 1087 1015 1123 tere
1047 1082 1323 1138 singulariter.
1387 1081 1553 1122 Deinde
1588 1094 1701 1136 pone

246 1148 350 1188 duas
385 1153 523 1203 partes
556 1148 714 1204 argillae
743 1149 850 1189 tritae
872 1149 934 1191 et¹
965 1155 1158 1206 quartam
1193 1154 1324 1190 coctae
1354 1154 1485 1199 testae,
1511 1153 1553 1188 et
1583 1162 1700 1188 com-

245 1216 422 1256 misceas
453 1230 547 1256 cum
584 1231 693 1272 aqua
724 1217 877 1272 tepida,
899 1231 1067 1258 macera
1099 1217 1272 1267 fortiter,
1294 1222 1335 1258 et
1364 1216 1461 1257 inde
1491 1230 1697 1270 compone

244 1284 414 1324 vascula
454 1284 615 1338 majora
655 1290 696 1325 et
731 1285 907 1336 minora,
940 1285 983 1325 in
1018 1285 1170 1340 quibus
1202 1284 1447 1340 liquefacias
1483 1298 1631 1324 aurum
1657 1288 1700 1323 et

244 1358 477 1406 argentum.
541 1352 714 1393 Interim
731 1367 844 1404 vero,
866 1353 967 1394 dum
988 1353 1208 1403 siccantur,
1222 1352 1396 1407 accepta.
1416 1351 1572 1393 statera
1591 1366 1697 1406 pon-

243 1418 342 1459 dera
373 1434 520 1460 aurum
552 1421 618 1461 vel
646 1426 880 1476 argentum,
901 1420 1015 1476 quod
1047 1420 1210 1475 operari
1240 1419 1434 1460 volueris.
1469 1418 1624 1468 ,Quod
1661 1419 1697 1459 si

243 1492 462 1542 argentum
484 1502 634 1542 purum
655 1502 740 1528 non
762 1488 898 1539 fuerit,
921 1489 1001 1529 hoc
1023 1488 1151 1529 modo
1173 1487 1360 1543 purifica.

626 1835 945 1898 CAPUT>
1012 1835 1346 1900 XXIII..

641 1983 701 2009 DE
733 1981 1040 2010 PURIFICANDO
1071 1981 1294 2009 ARGENTO.

338 2070 530 2111 RIBRA
561 2070 732 2120 cineres,
760 2069 1037 2110 commiscens
1058 2083 1131 2110 eos
1153 2070 1280 2125 aqua,
1302 2075 1344 2110 et
1373 2069 1515 2124 accipe
1543 2074 1696 2110 testam

365 2139 457 2180 ollae
476 2138 517 2179 in
554 2138 651 2193 igne
685 2137 923 2193 probatam,
945 2151 1039 2193 quae
1070 2142 1199 2178 tantae
1226 2136 1529 2192 magnitudinis
1559 2137 1627 2188 sit,
1652 2137 1696 2177 in

241 2222 324 2264 qua
353 2207 500 2248 credas
536 2211 758 2262 argentum
778 2205 982 2261 liquefieri
1010 2219 1148 2261 posse,
1170 2205 1285 2260 quod
1315 2204 1524 2260 purificari
1555 2203 1697 2256 debet,
1733 2204 1742 2212 ’

240 2280 288 2317 ut
307 2289 392 2316 non
413 2273 665 2325 effundatur,
688 2279 730 2314 et
750 2273 869 2314 mitte
890 2274 1050 2315 cineres
1072 2273 1114 2314 in
1134 2288 1242 2325 eam,
1263 2273 1306 2313 in
1326 2273 1466 2314 medio
1486 2278 1633 2314 tenues
1654 2277 1697 2312 et

240 2344 348 2384 circa
368 2355 486 2383 oram
507 2341 678 2396 spissos,
699 2347 742 2381 et
760 2340 871 2381 sicca
892 2340 946 2381 ad
976 2341 1192 2382 carbones.
1254 2340 1352 2390 Qua
1372 2341 1528 2381 siccata
1545 2354 1695 2381 amove

239 2411 443 2453 carbones
456 2424 481 2450 a
502 2410 670 2450 fornace
690 2408 917 2461 modicum,
931 2414 974 2449 et
993 2423 1102 2464 pone
1122 2409 1258 2464 ipsam
1275 2424 1371 2450 cum
1392 2407 1599 2450 cineribus
1615 2407 1695 2449 sub

239 2478 442 2520 foramine
474 2483 570 2518 ante
591 2477 818 2527 fornacem,
841 2476 899 2517 sic
934 2482 982 2517 ut
1006 2481 1155 2518 ventus
1191 2491 1243 2518 ex
1277 2477 1375 2518 folle
1408 2476 1451 2517 in
1481 2490 1574 2517 eam
1605 2476 1694 2528 flet,

239 2543 592 2601 superpositisque
623 2543 874 2584 carbonibus
905 2544 1027 2585 suffla
1056 2544 1191 2586 donec
1223 2545 1461 2586 candescat.
1525 2544 1695 2586 Deinde

239 2613 358 2654 mitte
379 2617 599 2667 argentum
619 2611 662 2651 in
684 2625 791 2662 eam,
813 2617 854 2652 et
874 2626 1109 2667 superpone
1127 2611 1340 2653 modicum
1356 2611 1532 2667 plumbi,
1549 2626 1694 2667 super-

234 2679 443 2736 jectisque
469 2678 723 2720 carbonibus
742 2678 924 2735 liquefac
944 2679 1059 2731 illud,
1081 2685 1123 2721 et
1151 2679 1309 2721 habeas
1323 2680 1450 2735 juxta
1468 2684 1510 2720 te
1529 2680 1691 2735 virgam

241 2761 292 2788 ex
328 2761 427 2803 sepe
463 2752 585 2788 vento
616 2746 830 2799 siccatam,
853 2761 949 2788 cum
970 2762 1054 2803 qua
1083 2747 1365 2804 discooperies
1391 2748 1630 2803 diligenter,
1651 2752 1694 2788 et

713 2880 720 2898 ¹
748 2882 768 2897 “
783 2881 932 2919 tertiam,”
947 2892 982 2913 ex
997 2882 1069 2912 MS.
1086 2882 1216 2922 Guelplz.

1959 1061 1970 1118 ¹l
