1970 3202
272 273 357 313 396
740 285 991 313 TquPfflm
1025 284 1162 312 mmm
1195 284 1266 312 111.

769 463 1092 526 CAPUT
1180 463 1246 526 Q

774 608 949 636 ITERUM
982 608 1042 635 DE
1074 607 1245 636 EODEM.

280 705 629 805 COLOREM
648 705 819 747 viridem
843 705 913 761 qui
929 705 1018 746 vult
1038 705 1091 745 ad
1112 718 1234 745 usum
1253 701 1461 744 scribendi
1483 701 1563 743 sibi
1579 701 1727 751 facere,

428 774 470 814 in
492 787 588 814 vase
610 787 704 814 ereo
727 773 807 813 mel
828 787 924 813 cum
945 779 1064 813 aceto
1081 772 1202 813 valde
1222 770 1459 811 immixtum
1480 783 1600 825 aequo
1624 782 1729 823 pon-

276 842 374 882 dere
404 841 609 891 infundat,
642 855 691 881 ac
722 839 872 880 deinde
902 839 945 879 in
973 838 1243 894 sterquilinio,
1274 837 1346 878 ubi
1372 837 1479 878 calet
1499 837 1606 892 plus,
1629 835 1727 876 illud

277 909 524 951 abscondat.

758 1154 1062 1217 CAPUT
1142 1153 1258 1216 CL

946 1301 1071 1329 ITEM.

396 1401 581 1444 CCIPE
602 1415 675 1442 vas
698 1414 911 1456 cupreum,
933 1406 974 1441 et
1003 1401 1098 1441 lava
1118 1400 1221 1442 illud
1242 1401 1352 1441 intus
1374 1406 1415 1442 et
1435 1400 1535 1442 foris
1557 1406 1598 1442 et
1618 1401 1735 1442 mitte

453 1469 506 1510 ad
528 1469 658 1510 solem
678 1474 726 1508 ut
747 1468 937 1509 siccetur.
999 1467 1157 1509 Postea
1178 1473 1352 1523 accepto
1373 1469 1495 1510 melle
1515 1469 1735 1525 purissimo

283 1552 468 1594 perunge
489 1537 600 1577 intus
629 1542 671 1577 et
701 1535 814 1576 foris.
877 1535 1043 1577 Deinde
1063 1541 1232 1577 contere
1254 1537 1315 1577 sal
1336 1551 1460 1592 super
1479 1537 1674 1593 lapidem,
1696 1543 1738 1578 et

283 1621 380 1647 cum
401 1620 450 1646 eo
470 1610 606 1646 totum
638 1603 885 1660 praedictum
907 1617 980 1643 vas
1007 1618 1197 1659 asperge,
1219 1609 1261 1644 et
1279 1608 1378 1645 tunc
1401 1603 1511 1645 idem
1534 1619 1605 1646 vas
1627 1618 1736 1661 pone

285 1689 409 1730 super
446 1673 679 1715 scultellam
714 1672 881 1727 plenam
916 1676 1049 1722 aceto,
1081 1671 1260 1726 positam
1292 1671 1335 1712 in
1370 1672 1508 1714 medio
1545 1673 1738 1714 stercoris

285 1756 501 1798 equorum,
522 1740 583 1781 ita
602 1745 757 1791 tamen,
779 1744 824 1780 ut
845 1739 897 1780 de
918 1744 1098 1780 stercore
1119 1753 1254 1795 neque
1274 1753 1348 1781 vas
1369 1754 1580 1796 cupreum,
1602 1754 1740 1797 neque

286 1815 465 1861 acetum,
497 1807 830 1859 contaminetur3
863 1812 905 1848 et
934 1807 993 1848 sic
1020 1807 1184 1848 dimitte
1212 1812 1321 1848 stare
1352 1822 1425 1864 per
1454 1808 1637 1864 quinque
1667 1813 1741 1849 aut

287 1892 362 1919 sex
384 1877 484 1918 dies.
548 1876 705 1917 Postea
725 1875 825 1917 tolle
846 1874 958 1916 idem
979 1889 1067 1926 vas,
1089 1881 1250 1917 remoto
1271 1880 1464 1928 stercore,
1486 1882 1528 1918 et
1549 1877 1667 1919 mitte
1685 1877 1739 1919 ad

288 1946 420 1987 solem
440 1944 577 1985 donec
598 1943 789 1994 siccetur,
810 1947 853 1983 et
874 1948 973 1984 tunc
995 1957 1091 1983 cum
1111 1943 1276 1984 cultello
1297 1943 1453 1985 abrade
1472 1949 1607 1986 totum
1628 1945 1741 1987 colo-

287 2027 375 2054 rem
396 2012 468 2069 qui
489 2011 542 2052 de
563 2010 712 2052 eodem
733 2024 832 2051 vase
862 2010 1078 2052 confectus
1105 2016 1182 2062 est,
1205 2016 1247 2052 et
1267 2011 1386 2053 mitte
1407 2026 1501 2053 eum
1522 2011 1566 2053 in
1585 2012 1741 2070 aliquid

287 2093 376 2133 vas,
399 2085 440 2121 et
460 2079 590 2121 misce
611 2092 706 2120 eum
727 2078 867 2120 adhuc
888 2092 983 2119 cum
1006 2079 1141 2131 melle,
1162 2086 1203 2120 et
1222 2079 1282 2121 sic
1302 2079 1493 2136 depinge.

740 2386 1043 2449 CAPUT
1123 2387 1348 2449 CIL¹

752 2542 813 2569 DE
844 2542 1107 2570 SCULPTURA
1136 2544 1277 2571 VITRI.

442 2635 539 2735 Ο
573 2638 688 2680 VOS
710 2639 890 2682 artifices
911 2640 979 2696 qui
1003 2640 1189 2696 sculpere
1209 2640 1332 2682 vultis
1353 2641 1528 2682 honeste

580 2706 759 2758 Vitrum,
782 2722 892 2748 nunc
914 2707 1033 2749 vobis
1054 2708 1252 2763 pandam,
1274 2709 1388 2750 velut
1409 2708 1496 2764 ipse
1517 2707 1703 2764 probavi.

440 2775 615 2817 Vermes
637 2775 807 2831 quaesivi
829 2775 1003 2831 pingues
1025 2790 1131 2832 quos
1152 2776 1273 2817 vertit
1293 2782 1477 2817 aratrum

822 2887 830 2906 ¹
856 2890 877 2905 “
893 2888 1030 2919 Eraclii’'
1054 2889 1194 2930 capitula
1206 2894 1254 2920 est.
