1970 3202
213 274 294 316 134
668 286 920 315 THEOPHILI
953 286 1091 314 mmm
1122 287 1173 314 11.

209 386 374 442 aliaque
408 386 582 438 minuta,
604 401 698 443 quae
727 386 947 438 voluerint,
969 400 1093 442 opere
1123 386 1239 427 vario
1269 385 1377 426 inter
1397 385 1586 437 circulos,
1617 391 1660 426 et

207 454 382 495 limbum
419 454 529 495 circa
561 454 704 505 orain3
736 459 779 494 et
801 453 882 495 hoc
911 454 1173 495 mediocriter
1204 453 1400 510 spissum,
1432 457 1659 509 coquentes

207 522 250 562 in
271 521 392 563 furno
414 521 558 563 ordine
589 536 672 577 quo
694 536 832 577 supra.
894 521 1074 563 Faciunt
1110 535 1277 577 quoque
1308 520 1470 577 cyphos
1491 534 1543 561 ex
1563 533 1660 575 pur-

206 603 312 644 pura
333 589 420 630 sive
450 589 530 630 levi
551 589 732 645 saphiro,
754 595 797 630 et
816 589 1220 643 fialasffmediocriter
1250 593 1421 629 extento
1442 587 1550 629 collo
1582 586 1660 628 cir-

208 657 453 697 cumdantes
486 657 566 698 filis
598 671 651 698 ex
682 657 779 698 albo
801 657 907 698 vitro
942 656 1076 708 factis,
1105 671 1157 697 ex
1193 656 1342 697 eodem
1375 669 1500 696 ansas
1526 654 1660 710 impo-

207 730 366 765 nentes.
430 723 497 764 Ex
533 724 623 765 aliis
656 724 781 765 etiam
815 724 1024 766 coloribus
1057 724 1217 765 variant
1236 724 1399 765 diversa
1428 736 1554 778 opera
1584 736 1660 763 sua

209 805 284 845 pro
303 791 425 832 libitu
446 806 534 833 suo.

647 1145 965 1209 CAPUT
1046 1146 1190 1208 XV

319 1305 379 1332 DE
410 1305 548 1333 VITRO
579 1305 751 1343 GRAECO,
784 1305 910 1338 QUOD
943 1305 1152 1333 MUSIVUM
1186 1305 1297 1334 OPUS
1331 1302 1552 1333 DECORAT.

213 1415 537 1513 VITREAS
559 1415 683 1458 etiam
706 1416 871 1458 tabulas
893 1415 1052 1458 faciunt
1081 1430 1205 1472 opere
1226 1414 1470 1457 fenestrario
1491 1428 1543 1455 ex
1565 1413 1661 1455 albo

318 1484 424 1525 vitro
445 1484 597 1536 lucido,
619 1483 774 1539 spissas
802 1484 856 1525 ad
887 1498 1126 1525 mensuram
1149 1482 1269 1525 unius
1300 1482 1432 1539 digiti,
1453 1481 1661 1523 findentes

209 1566 280 1594 eas
292 1552 428 1593 calido
445 1551 554 1593 ferro
571 1567 645 1607 per
660 1551 841 1608 quadras
857 1552 1082 1608 particulas
1095 1551 1290 1603 minutas,
1301 1556 1343 1592 et
1357 1549 1663 1605 co-operientes

209 1634 280 1660 eas
299 1619 343 1660 in
364 1634 451 1661 uno
472 1619 602 1661 latere
615 1620 704 1660 auri
724 1620 878 1675 petula,
896 1619 1170 1676 superliniunt
1189 1618 1340 1660 vitrum
1360 1616 1662 1659 lucidissimum

208 1687 348 1729 tritum
383 1693 429 1728 ut
459 1701 597 1743 supra.
659 1687 914 1743 Hujusmodi
947 1687 1098 1729 vitrum
1130 1686 1418 1742 interpositum
1454 1684 1662 1726 musivum

210 1769 316 1810 opus
338 1755 510 1797 omnino
531 1756 715 1798 decorat.

651 2106 967 2169 CAPUT
1046 2106 1235 2168 XVL

294 2266 354 2293 DE
385 2265 510 2293 vAsls
542 2264 1019 2306 PICTILIBUS-DIVERSO
1052 2264 1225 2293 COLORE
1254 2265 1381 2293 VITRI
1414 2264 1567 2293 PICTIS.

291 2374 596 2417 CUTELLAS
627 2389 795 2431 quoque
824 2375 971 2416 fictiles
999 2380 1041 2416 et
1070 2375 1282 2416 naviculas
1305 2374 1475 2426 faciunt,
1496 2374 1661 2431 aliaque

309 2458 410 2485 vasa
431 2442 586 2495 fictilia,
608 2443 827 2499 pingentes
857 2457 908 2484 ea
926 2442 1008 2484 hoc
1029 2442 1169 2484 modo.
1228 2441 1452 2498 Accipiunt
1471 2443 1661 2484 omnium

210 2525 365 2567 genera
385 2511 585 2562 colorum,
602 2516 783 2552 terentes
799 2524 849 2552 ea
861 2509 1101 2566 singillatim
1118 2524 1214 2552 cum
1229 2524 1352 2567 aqua,
1373 2515 1415 2551 et
1435 2510 1489 2551 ad
1509 2525 1661 2552 unum-

211 2593 419 2635 quemque
455 2579 638 2620 colorem
670 2578 893 2620 miscentes
926 2578 1115 2634 ejusdem
1152 2577 1302 2620 coloris
1322 2577 1474 2619 vitrum
1510 2593 1584 2634 per
1616 2593 1662 2620 se

210 2645 488 2688 minutissime
508 2645 654 2687 tritum
675 2660 771 2687 cum
791 2660 914 2702 aqua,
936 2645 1126 2702 quintam
1156 2650 1332 2701 partem,
1352 2645 1450 2687 inde
1479 2645 1662 2702 pingunt

211 2715 386 2756 circulos
423 2714 509 2756 sive
545 2729 666 2756 arcus
701 2715 767 2755 vel
797 2713 1125 2770 quadrangulos,
1147 2719 1190 2756 et
1217 2713 1261 2755 in
1290 2713 1349 2755 eis
1379 2713 1548 2766 bestias,
1589 2720 1662 2755 aut

210 2796 320 2832 aveS,
342 2781 428 2823 sive
459 2781 558 2823 folia
588 2781 652 2823 vel
682 2781 791 2822 aliud
823 2781 1117 2838 quodcumque
1148 2781 1363 2823 voluerint.
1426 2780 1660 2838 Postquam

210 2865 307 2892 vero
325 2850 414 2906 ipsa
436 2863 536 2891 vasa
557 2849 628 2890 tali
651 2849 778 2891 modo
799 2849 964 2906 depicta
984 2849 1150 2901 fuerint,
1168 2848 1340 2890 mittunt
1360 2864 1410 2890 ea
1432 2849 1474 2890 in
1495 2850 1661 2891 furnum
