1970 3202
277 267 361 307 210
748 281 997 309 'rHEor‘mm
1032 283 1169 310 mmm
1201 284 1268 310 111.

745 460 1274 523 CAPUTjHL

755 612 814 637 DE
845 611 1050 639 FORNACE
1081 612 1253 641 OPERIS.

359 710 526 752 UXTA
558 710 759 766 parietem
790 725 888 751 vero
924 725 1054 766 prope
1089 711 1315 752 fenestram
1348 712 1391 752 in
1421 712 1586 753 sinistra
1617 718 1732 767 parte

388 779 584 829 sedentis,
616 778 770 833 figatur
800 778 960 833 lignum
992 778 1036 818 in
1070 778 1261 830 terram¹,
1297 779 1513 821 latitudine
1541 780 1732 823 duorum,

282 846 548 902 spissitudine
562 859 668 900 pene
681 845 858 886 duorum
872 846 1117 901 digitorum,
1131 847 1244 902 quod
1259 862 1354 888 cum
1368 848 1540 889 firmiter
1561 848 1733 894 steterit,

279 913 436 954 habeat
470 913 659 953 foramen
692 912 970 967 grossitudine
1006 911 1128 953 un'ius
1164 913 1282 968 digiti
1312 913 1355 954 in
1391 914 1543 965 medio,
1565 929 1590 955 a
1623 921 1731 955 terra

280 980 500 1021 altitudine
535 985 715 1035 quatuor
749 979 988 1035 digitorum.
1050 980 1219 1022 Habeat
1253 996 1422 1037 quoque
1457 982 1498 1021 in
1531 982 1734 1023 anteriore

279 1054 397 1104 parte
412 1049 573 1101 lignum
591 1047 778 1088 strictum
795 1047 873 1087 sibi
889 1047 1172 1102 conjunctum,
1189 1056 1230 1088 et
1243 1048 1372 1088 clavis
1386 1048 1533 1102 ligneis
1547 1048 1733 1098 affixum,

282 1117 500 1158 latitudine
522 1122 701 1172 quatuor
730 1116 972 1171 digitorum,
994 1117 1113 1172 cujus
1134 1116 1352 1172 longitudo
1382 1122 1569 1172 aequetur
1589 1116 1737 1171 majori

281 1185 408 1240 ligno.
470 1184 581 1225 Ante
611 1185 725 1240 quod
747 1184 931 1225 stabilies
958 1184 1070 1225 aliud
1092 1184 1251 1240 lignum
1282 1199 1412 1240 aequae
1433 1184 1664 1225 latitudinis
1694 1189 1737 1224 et

282 1252 569 1307 longitudiniS,
583 1252 641 1292 ita
654 1257 700 1292 ut
720 1252 825 1293 inter
836 1252 927 1293 haee
941 1252 1025 1293 duo
1040 1252 1154 1308 ligna
1168 1251 1221 1292 sit
1234 1251 1464 1306 amplitudo
1485 1256 1735 1307 quatuorum

281 1319 521 1375 digitorum,
543 1325 584 1360 et
616 1320 742 1375 affige
764 1320 861 1360 illud
895 1319 1078 1360 exterius
1099 1319 1264 1360 duobus
1298 1325 1370 1360 aut
1398 1318 1530 1359 tribus
1559 1318 1736 1374 paxillis,

283 1393 325 1428 et
345 1386 521 1442 accepta
541 1386 688 1442 argilla
718 1401 804 1428 non
826 1386 1037 1428 macerata.
1057 1402 1133 1428 nec
1165 1386 1275 1443 aqua
1305 1386 1451 1437 mixta,
1474 1386 1548 1427 sed
1578 1385 1739 1426 noviter

286 1454 453 1504 effossa,
475 1454 593 1495 mitte
624 1454 666 1494 in
697 1454 796 1495 illud
828 1454 1009 1510 spatium
1045 1455 1087 1495 in
1118 1455 1261 1511 primis
1292 1455 1518 1505 modicum,
1551 1460 1592 1495 et
1621 1468 1738 1494 eom-

281 1521 408 1577 pinge
440 1536 534 1562 cum
566 1522 681 1577 ligno
704 1523 884 1563 rotundo
916 1522 1087 1574 fortiter,
1110 1523 1263 1564 deinde
1293 1522 1485 1577 amplius,
1517 1528 1558 1563 et
1588 1522 1738 1563 iterum

281 1596 464 1646 percute,
487 1591 628 1646 sicque
650 1591 781 1632 facies
803 1591 937 1632 donec
959 1592 1053 1632 duae
1074 1597 1212 1646 partes
1243 1591 1371 1647 ipsius
1393 1590 1515 1646 spatii
1536 1590 1740 1645 implean—

283 1666 362 1709 tur,
384 1664 426 1699 et
445 1659 610 1699 tertiam
638 1659 799 1700 dimitte
820 1673 1009 1700 vacuam.
1070 1659 1188 1701 Tune
1211 1659 1328 1700 aufer
1349 1658 1533 1700 anterius
1564 1659 1738 1714 lignum,

281 1732 324 1767 et
344 1741 437 1767 cum
453 1727 621 1767 cultello
642 1727 771 1782 longo
785 1727 922 1768 incide
943 1727 1132 1782 argillam
1149 1727 1363 1783 aequaliter
1384 1732 1480 1767 ante
1500 1732 1543 1766 et
1559 1741 1737 1776 sursum,

285 1794 437 1835 deinde
458 1809 554 1835 cum
585 1794 729 1850 gracili
760 1794 875 1850 ligno
905 1801 1074 1850 percute
1104 1795 1276 1836 fortiter.
1338 1794 1447 1836 Post
1475 1794 1566 1835 haec
1597 1794 1740 1849 accipe

283 1862 473 1917 argillam
506 1867 761 1902 maceratam
798 1867 840 1902 et
867 1862 968 1903 fimo
1003 1862 1097 1918 equi
1131 1862 1320 1913 mixtam,
1342 1868 1384 1904 et
1415 1877 1621 1917 compone
1654 1862 1738 1902 for-

283 1944 431 1971 nacem
453 1935 494 1971 et
514 1930 643 1970 larem
664 1930 767 1984 ejus,
788 1934 934 1985 tegens
965 1930 1178 1985 parietem,
1202 1945 1254 1970 ne
1274 1936 1418 1971 uratur
1437 1930 1547 1984 igne,
1570 1934 1610 1970 et
1640 1944 1736 1970 cum

285 1997 428 2053 gracili
448 1997 564 2052 ligno
594 1997 761 2052 perfora
782 1997 968 2052 argillam
1000 2003 1115 2038 trans
1136 1997 1324 2038 foramen
1345 1997 1458 2053 quod
1481 2002 1544 2037 est
1565 2003 1673 2037 retro
1694 1996 1738 2036 in

279 2064 409 2119 ligno.
470 2064 566 2105 Hoc
587 2065 715 2106 modo
737 2079 945 2120 compone
965 2079 1111 2105 omnes
1132 2064 1322 2105 fornaces
1344 2064 1526 2105 fabriles.

753 2388 1060 2452 CAPUT
1142 2390 1255 2452 IV

820 2536 881 2562 DE
914 2536 1148 2564 FOLLIBUS.

404 2634 603 2676 EINDE
639 2635 706 2676 fac
738 2634 813 2676 tibi
848 2635 966 2676 folles
996 2636 1048 2677 de
1080 2637 1256 2692 pellibus
1286 2638 1460 2679 arietum
1491 2638 1564 2680 ita.
1625 2638 1734 2680 Cum

401 2701 647 2743 occiduntur
666 2702 827 2753 arietes,
849 2717 935 2744 non
955 2703 1190 2745 incidantur
1222 2705 1349 2760 pelles
1381 2705 1459 2746 sub
1480 2711 1637 2758 ventre,
1659 2707 1732 2748 sed

280 2769 323 2809 in
345 2768 642 2824 posterioribus
663 2770 915 2825 aperiantur,
938 2775 980 2812 et
998 2770 1056 2812 ita
1076 2777 1317 2813 eversentur
1336 2777 1384 2813 ut
1402 2772 1574 2829 integrae
1595 2779 1733 2815 extra-

585 2881 591 2898 ¹
618 2884 638 2897 “
654 2882 843 2921 longitudine
859 2883 951 2913 trium
966 2883 1106 2922 pedum.’'
1150 2885 1202 2914 Ex
1217 2885 1290 2916 MS.
1309 2886 1438 2924 Gnelph.
