1970 3202
310 275 393 314 418
507 256 509 258 ,
915 288 1153 316 ADDENDA.

309 401 465 442 magno
496 387 640 429 labore
660 388 828 439 trititur,
854 388 1085 440 etidcirco,
1117 403 1234 430 more
1254 388 1421 444 piperis,
1451 387 1670 429 terendum
1702 394 1767 428 est

309 455 351 496 in
387 456 599 506 mortario,
636 457 714 508 vel,
751 457 786 498 si
820 458 923 498 illud
958 472 1044 499 non
1080 458 1226 507 habes,
1260 457 1525 497 involuntum
1559 456 1602 496 in
1637 455 1766 504 corio,

309 524 460 565 deinde
482 525 524 565 in
545 540 754 567 marmore
781 540 876 566 cum
899 541 1011 582 aqua
1035 526 1143 566 sicut
1171 525 1310 566 caeteri
1336 525 1512 565 colores.
1575 523 1625 563 In
1648 523 1766 578 cujus

308 597 639 647 temperamento
670 594 812 649 accipe
842 594 936 634 duae
965 600 1104 650 partes
1124 594 1268 649 ipsius,
1301 599 1343 634 et
1363 592 1529 633 tertiam
1554 591 1606 632 de
1627 591 1768 631 vitello

311 660 378 700 ovi
400 660 531 712 crudi,
562 666 603 701 et
627 661 806 716 pulveris
835 662 941 702 ossis
965 661 1175 703 combusti
1202 662 1311 716 plus,
1341 660 1509 701 insimul
1537 658 1769 708 commixti,

310 731 352 766 et
365 727 487 767 simul
501 727 649 779 misce;
668 743 814 768 omnes
830 729 940 769 enim
955 730 1116 770 colores
1130 729 1343 769 moluntur
1355 742 1451 768 cum
1465 741 1590 783 aqua,
1599 741 1682 782 qua
1694 741 1769 767 ex-

309 792 461 834 hausta
474 800 515 835 et
530 795 750 850 diligenter
771 796 916 850 ejecta,
929 796 1097 851 ponitur
1113 796 1157 836 in
1177 795 1236 836 eis
1257 796 1405 846 clarea,
1426 801 1575 850 praeter
1586 795 1629 834 in
1650 795 1770 835 viridi

311 861 364 902 de
395 861 574 904 Graecia.
636 863 795 904 Ocrum
826 864 988 905 moliter
1012 878 1110 905 cum
1139 877 1263 919 aqua,
1285 862 1356 903 sed
1391 877 1476 903 non
1506 868 1571 903 est
1600 876 1770 903 necesse

311 929 391 969 nisi
425 930 655 985 pictoribus
691 946 919 982 murorum,
948 938 990 972 et
1024 932 1066 971 in
1107 945 1231 986 opere
1272 931 1501 971 litterarum
1535 945 1770 971 aurearum.

311 996 534 1038 Safranum
562 1004 702 1053 potest
734 998 1022 1054 distemperari
1054 1014 1150 1040 cum
1180 1001 1318 1040 clarea
1340 999 1422 1049 ovi,
1455 999 1520 1039 vel
1540 1013 1637 1039 cum
1658 998 1770 1048 vino,

310 1070 353 1105 et
379 1065 428 1106 fit
461 1065 577 1107 rufus
610 1067 738 1117 color,
769 1066 829 1107 sic
859 1074 906 1107 ut
936 1068 1092 1108 brisillo
1124 1067 1286 1108 misceri
1318 1067 1461 1121 possit.
1523 1065 1698 1107 Colores
1728 1065 1771 1105 in

311 1147 567 1188 pergameno
607 1134 706 1174 clari
741 1140 783 1175 et
819 1134 939 1190 spissi
975 1135 1017 1175 hi
1051 1141 1161 1186 sunt,
1203 1135 1505 1176 Vermiculum.
1572 1134 1771 1190 Auripig-

311 1206 514 1252 mentum,
536 1200 682 1242 Viride
703 1217 900 1258 graecum,
923 1202 1104 1258 Sanguis
1135 1203 1359 1254 Draconis,
1389 1202 1637 1244 Gravetum.
1698 1202 1771 1242 In-

313 1267 468 1320 dicum,
487 1267 748 1320 Carminum,
767 1269 941 1321 Crocus,
965 1271 1146 1322 Folium,
1165 1271 1371 1322 Brunum,
1390 1271 1587 1322 Minium,
1602 1270 1772 1318 Album,

315 1335 509 1391 Nigrum,
544 1338 747 1393 optimum
770 1353 820 1379 ex
843 1340 1096 1381 carbonibus
1129 1339 1223 1380 vitis
1254 1354 1350 1381 cum
1371 1354 1451 1381 ovo
1482 1339 1590 1380 sicut
1611 1338 1681 1380 alii
1702 1353 1773 1379 co—

312 1404 436 1445 lores.

747 1779 807 1806 DE
840 1779 1048 1807 M1x⁷rURA
1078 1779 1308 1808 cononum,
1340 1768 1351 1789 ¹

317 1887 678 1987 AZURIUM
721 1890 879 1931 incides
909 1890 962 1931 de
993 1891 1126 1946 nigro,
1168 1890 1414 1946 maptizabis
1455 1890 1774 1946 auripigmento.

461 1956 570 1997 Item
601 1957 730 1998 misce
761 1973 857 1999 cum
888 1958 985 1999 albo
1015 1959 1203 2014 plumbo,
1240 1958 1399 1999 incides
1431 1958 1484 1999 de
1513 1973 1624 2009 azur,
1656 1973 1775 2013 map-

315 2024 462 2065 tizabis
484 2024 536 2065 de
558 2025 655 2066 albo
676 2025 861 2080 plumbo.
922 2025 1210 2068 vermiculum
1231 2026 1390 2068 incides
1411 2026 1464 2066 de
1485 2026 1634 2076 bruno,
1655 2040 1775 2080 map-

315 2092 397 2148 tiza
418 2092 740 2147 auripigmento.
781 2093 891 2134 Item
912 2094 1042 2135 misce
1058 2094 1329 2135 vermiculum
1351 2108 1447 2134 cum
1468 2093 1565 2134 albo
1587 2093 1775 2148 plumbo,

316 2166 358 2202 et
379 2161 445 2202 fac
467 2161 649 2202 colorem
670 2162 784 2217 quod
811 2162 962 2203 dicitur
988 2177 1095 2213 rosa,
1125 2162 1284 2203 incides
1305 2162 1357 2202 de
1385 2160 1625 2212 vermiculo,
1657 2175 1776 2217 map-

315 2227 397 2268 tiza
418 2228 470 2269 de
491 2229 587 2270 albo
618 2229 805 2284 plumbo.
866 2230 1233 2286 Auripigmentum
1264 2228 1424 2270 incides
1456 2229 1508 2269 de
1534 2228 1776 2279 vermiculo,

315 2299 358 2335 et
386 2294 444 2335 illi
473 2291 815 2351 maptizabatura*
842 2313 928 2340 non
958 2304 1033 2349 est,
1082 2298 1196 2354 quod
1229 2298 1423 2354 deturpat
1459 2296 1563 2337 alios
1601 2296 1775 2337 colores.

315 2361 476 2403 Tamen
498 2363 533 2404 si
552 2363 615 2404 vis
636 2364 774 2405 facere
797 2365 955 2406 clarum
982 2365 1137 2417 videre,
1155 2365 1509 2421 auripigmentum
1530 2363 1659 2404 misce
1680 2378 1777 2404 cum

315 2430 470 2482 indico,
494 2431 633 2472 incide
654 2432 706 2472 de
727 2433 861 2488 nigro,
892 2433 1073 2488 maptiza
1100 2433 1420 2488 auripigmento.
1481 2430 1662 2486 Sanguis
1683 2431 1778 2472 dra-

316 2498 433 2539 conis
461 2498 623 2539 incides
653 2498 788 2555 nigro,
821 2501 1001 2556 maptiza
1022 2501 1119 2542 albo
1147 2501 1333 2556 plumbo.
1395 2499 1504 2540 Item
1530 2498 1658 2539 misce
1679 2513 1777 2539 san-

315 2566 408 2621 guis
430 2566 623 2608 draconis
644 2582 741 2608 cum
763 2569 1087 2624 auripigmento,
1108 2568 1267 2609 incides
1289 2568 1341 2609 de
1361 2568 1496 2623 nigro,
1522 2567 1704 2622 maptiza
1725 2567 1777 2608 de

315 2634 412 2674 albo
443 2634 628 2689 plumbo.
702 2635 847 2676 Viride
884 2636 1043 2677 incides
1073 2637 1125 2677 de
1155 2637 1289 2691 nigro,
1330 2635 1511 2691 maptiza
1540 2635 1593 2676 de
1624 2633 1776 2689 apulia.

317 2701 425 2742 Item
457 2702 587 2743 misce
616 2702 747 2744 viride
787 2718 883 2744 cum
913 2704 1024 2755 albo,
1054 2703 1214 2745 incides
1242 2704 1296 2744 de
1316 2703 1438 2744 viridi
1467 2702 1649 2758 maptiza
1680 2702 1777 2742 albo

314 2769 500 2824 plumbo.
564 2770 672 2811 Item
693 2770 821 2812 misce
850 2778 1068 2826 gravetum
1090 2786 1186 2812 cum
1207 2772 1304 2813 albo
1326 2772 1515 2827 plumbo,
1545 2770 1703 2811 incides
1724 2768 1777 2809 de

859 2906 866 2924 ¹
891 2907 930 2938 ab
947 2906 1066 2938 Eraclio
1082 2913 1233 2948 excerpto,

1922 3098 1948 3202 ΒΞῨᾺῨΪἾ-τῖ
1931 3037 1949 3086 T‘Su
1930 3020 1940 3030 *-
1930 2991 1941 3010 Ν·
1932 2955 1942 2981 2„
1939 2944 1941 2946 -
1934 2923 1946 2934 κ
1935 2891 1940 2903 ¹·
1931 2804 1946 2877 nui-0·
