1970 3202
255 265 338 306 332
716 277 970 306 THEOPmm
1002 277 1139 304 mmm
1171 278 1239 304 111.

255 393 336 433 que
359 378 502 419 formae
533 383 579 419 et
595 392 733 429 sexus,
764 393 858 434 quae
886 377 1098 433 impressae
1129 392 1230 419 auro
1251 377 1316 418 vel
1338 381 1513 432 argento
1541 380 1615 416 seu
1637 381 1709 415 cu'·

254 460 331 500 pro
351 445 565 497 deaurato,
596 446 819 502 plurimum
849 444 1011 486 decoris
1044 450 1242 500 praestant
1268 444 1385 496 locis,
1406 443 1558 500 quibus
1587 442 1707 497 inpo-

256 518 422 564 nuntur,
452 519 623 568 propter
652 513 923 554 subtilitatem
954 519 996 553 et
1025 513 1332 568 operositatem.
1394 511 1521 552 Fiunt
1545 516 1587 551 et
1605 511 1709 550 ima-

256 580 374 635 gines
395 595 543 636 regum
574 586 615 622 et
644 580 830 636 equitum
860 580 1009 621 eodem
1040 580 1168 621 modo
1199 580 1323 632 ferro,
1354 594 1407 621 ex
1428 579 1579 636 quibus
1600 577 1712 619 auri—

240 648 374 689 calco
410 648 640 704 Hispanico
675 648 871 703 inpressis
911 653 1112 689 ornantur
1148 648 1300 703 pelves,
1336 647 1488 703 quibus
1521 660 1632 702 aqua
1667 644 1711 686 in

258 715 451 756 manibus
470 716 669 766 funditur,
691 716 840 757 eodem
861 716 988 757 modo
1013 730 1097 771 quo
1126 721 1325 756 ornantur
1352 714 1500 770 scyphi
1521 727 1623 754 auro
1645 712 1711 752 vel

258 788 445 838 argento,
468 797 563 823 cum
594 783 678 824 suis
707 783 845 823 limbis
876 783 1063 838 ejusdem
1086 783 1256 833 metalli,
1287 782 1330 823 in
1350 782 1501 838 quibus
1524 780 1711 822 bestiolae

258 851 323 890 vel
353 864 449 890 aves
481 856 521 890 et
551 849 726 901 flosculi,
757 849 830 906 qui
860 855 1002 891 tamen
1033 865 1118 891 non
1149 851 1433 905 configuntur,
1465 849 1539 891 sed
1561 853 1711 903 stagno

259 918 502 959 solidantur.

622 1306 937 1369 CAPUT
1016 1306 1339 1369 LXXVI.

859 1475 920 1501 DE
950 1473 1124 1502 CLAVIS.

367 1583 516 1626 IUNT
546 1589 685 1625 autem
707 1583 812 1624 clavi
843 1583 961 1624 ferrei
993 1584 1255 1640 longitudine
1275 1584 1397 1625 unius
1418 1584 1551 1640 digiti,
1572 1583 1614 1624 in
1634 1599 1719 1625 una

395 1651 635 1693 summitate
657 1651 899 1706 grossiores,
921 1651 963 1691 in
992 1652 1122 1692 altera
1143 1651 1396 1708 graciliores,
1417 1651 1459 1691 in
1481 1666 1566 1708 qua
1592 1652 1715 1693 etiam

265 1720 444 1776 chalybe
475 1719 683 1761 solidandi
711 1724 822 1770 sunt,
851 1734 1031 1775 quorum
1061 1734 1167 1760 unus
1195 1719 1361 1759 limetur
1390 1719 1718 1775 quadrangulus,

266 1788 373 1829 alius
413 1788 660 1843 triangulus,
694 1787 839 1828 tertius
879 1787 1094 1838 rotundus,
1136 1787 1366 1828 secundum
1402 1787 1719 1828 convenientem

267 1857 607 1912 grossitudinem.
669 1855 836 1896 Deinde
884 1856 1127 1910 sculpantur
1169 1855 1213 1895 in
1260 1855 1319 1895 eis
1362 1855 1524 1896 flosculi
1571 1855 1720 1896 eodem

266 1925 408 1976 modo,
437 1939 521 1981 quo
547 1939 687 1980 supra,
716 1924 775 1964 ita
802 1929 848 1964 ut
877 1937 949 1964 ora
974 1923 1069 1964 ferri
1100 1922 1210 1963 circa
1235 1922 1453 1963 flosculum
1484 1929 1608 1963 acuta
1632 1924 1719 1964 fiat.

268 1993 463 2049 Cumque
483 1993 606 2034 valde
637 1998 898 2033 attenuatum
929 1991 1052 2032 fuerit
1081 1996 1300 2047 argentum
1331 1991 1417 2032 sive
1447 2005 1620 2046 cuprum
1649 1992 1721 2032 de-

267 2067 472 2111 auratum,
489 2062 553 2102 vel
569 2061 837 2111 auricalcum,
853 2060 895 2100 in
913 2059 1114 2115 superiori
1130 2065 1247 2115 parte
1269 2059 1413 2115 polies,
1431 2065 1478 2100 ut
1500 2074 1648 2115 supra3
1678 2059 1721 2099 in

266 2129 448 2170 inferiori
469 2143 566 2170 vero
597 2127 938 2184 superstagnabis
961 2127 1083 2168 valde
1115 2130 1239 2168 tenue
1270 2141 1365 2167 cum
1396 2127 1517 2178 ferro,
1547 2142 1632 2183 quo
1662 2127 1721 2168 fe-

268 2202 417 2238 nestrae
438 2197 683 2248 solidantur,
704 2210 919 2252 ponesque
939 2192 1158 2251 plumbum
1180 2195 1362 2251 spissum
1384 2210 1508 2251 super
1526 2195 1720 2236 incudem

269 2271 312 2306 et
335 2265 511 2320 desuper
534 2270 770 2320 argentum,
796 2264 882 2305 sive
908 2278 1084 2319 cuprum
1109 2263 1372 2314 deauratum,
1396 2264 1455 2304 ita
1479 2270 1526 2304 ut
1548 2263 1722 2305 deaura-

268 2339 363 2374 tura
383 2333 570 2388 superius
591 2333 645 2373 sit
665 2338 707 2373 et
723 2337 918 2388 stagnum
937 2331 1106 2372 inferius
1117 2347 1127 2382 ;
1157 2337 1408 2387 sumptoque
1423 2327 1506 2372 uno
1521 2346 1574 2373 ex
1590 2332 1722 2384 ferris,

269 2401 393 2457 quale
428 2400 543 2451 velis,
588 2400 722 2455 junge
762 2400 1018 2454 sculpturam
1057 2399 1111 2439 ad
1159 2403 1394 2454 argentum,
1434 2399 1722 2456 percutiesque

270 2469 420 2510 malleo
439 2469 498 2510 ita
518 2474 564 2510 ut
593 2468 803 2524 sculptura
825 2467 867 2507 in
890 2481 940 2508 eo
965 2471 1177 2522 appareat,
1203 2471 1245 2507 et
1269 2481 1366 2507 cum
1391 2472 1513 2508 acuta
1534 2482 1607 2508 ora
1628 2468 1722 2509 ferri

269 2538 313 2578 in
334 2537 505 2578 circuitu
526 2537 745 2578 incidatur.
803 2535 931 2584 Quod
953 2550 1048 2576 cum
1069 2549 1143 2590 per
1163 2540 1299 2575 totum
1320 2541 1541 2590 argentum
1562 2536 1722 2588 feceris,

270 2621 390 2648 serva
421 2606 497 2647 tibi
527 2606 725 2647 flosculos
759 2619 917 2656 omnes,
951 2604 1050 2660 quia
1083 2603 1143 2643 illi
1176 2609 1296 2644 erunt
1327 2603 1466 2658 capita
1495 2604 1723 2655 clavorum,

271 2688 449 2730 quorum
484 2673 640 2714 caudas
675 2673 757 2714 hoc
792 2672 919 2714 modo
961 2672 1101 2713 facies.
1163 2671 1405 2713 Commisce
1445 2671 1550 2713 duas
1584 2677 1723 2727 partes

272 2741 423 2797 stagni,
445 2747 487 2782 et
511 2741 676 2782 tertiam
704 2740 879 2796 plumbi,
908 2746 950 2782 et
973 2745 1140 2796 percute
1165 2740 1266 2781 illud
1296 2740 1449 2796 gracile
1469 2745 1512 2781 et
1534 2740 1723 2796 longum,

272 2809 423 2850 deinde
450 2809 641 2865 pertrahe
666 2824 739 2864 per
763 2808 967 2850 foramina
992 2807 1099 2859 ferri,
1127 2808 1169 2848 in
1197 2822 1280 2864 quo
1308 2808 1380 2848 fila
1408 2807 1643 2858 trahuntur,
1664 2807 1725 2849 ita

272 2883 318 2917 ut
347 2877 637 2933 longissimum
666 2877 778 2918 filum
812 2876 979 2927 habeat,
1007 2881 1049 2916 et
1070 2890 1154 2918 non
1186 2875 1338 2931 gracile
1370 2875 1507 2927 nimis,
1533 2876 1607 2917 sed
1639 2890 1724 2916 me-
