1970 3202
257 270 343 313 412
869 285 1104 312 ADDENDA.

255 389 299 424 et
326 388 427 425 tunc
456 384 661 440 recipiunt
689 385 791 426 illud
826 385 973 426 leniter
1002 385 1046 425 in
1075 399 1174 426 vase
1204 398 1359 440 cupreo
1389 385 1455 425 vel
1484 385 1631 437 vitreo,
1671 390 1714 426 et

255 452 405 492 iterum
434 452 660 494 infundunt
688 453 834 493 vinum
863 467 988 509 super
1018 453 1142 504 feces,
1184 458 1226 492 et
1255 458 1464 507 reponunt
1493 452 1536 493 in
1566 467 1712 507 supra-

255 519 370 559 dicto
389 519 496 571 loco,
527 526 569 561 et
589 521 649 562 sic
670 521 830 562 faciunt
849 536 923 576 per
942 526 1076 562 totum
1098 519 1269 571 annum,
1301 520 1504 561 addentes
1525 521 1714 576 aliquan-

254 587 391 628 tulum
430 588 483 629 de
522 589 656 630 viridi.
718 588 803 637 Qui
843 594 982 630 autem
1023 588 1146 629 citius
1186 588 1332 628 volunt
1372 587 1542 638 habere,
1583 588 1714 629 viride

256 655 420 695 molunt
438 655 540 696 illud
561 671 656 697 cum
676 656 774 697 vino
795 662 842 697 ut
863 670 987 711 supra
1008 655 1167 696 dictum
1189 660 1266 705 est,
1297 660 1340 695 et
1360 660 1461 696 tunc
1483 656 1595 696 enim
1616 655 1714 696 inde

255 722 448 763 scribitur
477 724 596 779 quasi
626 723 899 764 vermiculum
929 724 995 764 vel
1025 723 1222 773 azorium,
1253 722 1494 762 molendum
1523 729 1587 764 est
1617 738 1713 763 cum

255 789 377 842 vin03
410 796 510 831 tunc
541 790 720 846 accipies
750 791 894 831 vinum
925 790 1130 845 optimum
1161 795 1203 830 et
1232 804 1342 845 pone
1374 789 1415 830 in
1446 790 1585 846 aliquo
1616 804 1715 831 vase

256 872 360 899 eneo
381 859 447 899 vel
477 873 630 913 cupreo
661 864 704 899 et
731 858 878 898 bullies
908 857 1022 898 illud.
1083 856 1181 905 Quo
1212 862 1333 898 cocto
1365 862 1407 898 et
1436 858 1640 898 mundato
1661 858 1714 898 de

256 940 419 981 spuma,
442 925 606 967 custodi
637 926 751 976 illud,
779 931 822 966 et
850 925 947 965 inde
979 925 1234 979 distempera
1254 924 1430 966 viridem
1451 926 1650 976 colorem,
1673 930 1715 966 et

255 1008 365 1048 pone
386 994 439 1034 ad
461 994 648 1049 tepidum
668 994 813 1044 solem,
830 993 896 1033 vel
912 993 1068 1033 lentum
1092 991 1311 1047 (ignem¹),
1328 992 1463 1033 donec
1482 992 1639 1047 spissus
1662 992 1716 1033 sit

256 1065 508 1113 mensurate,
531 1067 573 1102 et
599 1062 738 1117 posito
768 1061 812 1100 in
841 1075 891 1101 eo
920 1060 972 1101 de
994 1074 1117 1100 croco
1139 1065 1181 1100 et
1207 1059 1259 1100 de
1280 1060 1449 1114 pulvere
1471 1061 1577 1102 ossis
1599 1075 1714 1101 com-

256 1129 381 1180 busti,
410 1130 584 1170 alteram
615 1128 837 1170 contrahet
856 1128 1037 1169 virorem
1068 1133 1110 1168 et
1140 1127 1376 1178 meliorem3
1410 1128 1475 1168 vel
1505 1128 1539 1168 si
1561 1128 1715 1169 miscu-

255 1197 336 1238 eris
372 1212 529 1238 novum
565 1211 661 1237 cum
691 1196 832 1246 veteri,
866 1196 1037 1236 alteram
1065 1195 1316 1236 viriditatem
1348 1195 1546 1246 habebit;
1579 1196 1644 1236 vel
1679 1196 1715 1236 si

255 1270 391 1305 totum
413 1265 613 1305 siccatum
636 1264 759 1305 fuerit
779 1264 845 1304 vel
862 1264 985 1304 nimis
1007 1278 1193 1304 crassum
1215 1278 1324 1318 pone
1346 1277 1494 1317 parum
1515 1264 1567 1303 de
1589 1277 1712 1319 aqua.

259 1332 378 1374 Pone
399 1335 598 1388 praeterea
617 1332 746 1373 viride
767 1332 809 1372 in
825 1332 922 1372 vino
944 1346 993 1372 ac
1015 1331 1119 1372 frica
1140 1331 1241 1372 satis
1260 1331 1418 1386 digito:
1447 1346 1531 1386 quo
1553 1331 1713 1382 sedato,

256 1401 399 1456 accipe
419 1400 535 1456 quod
555 1400 757 1456 liquidum
779 1406 844 1440 est
867 1406 909 1440 et
936 1413 1045 1454 pone
1067 1399 1120 1439 ad
1141 1400 1297 1439 lentem
1318 1398 1448 1439 solem
1470 1399 1536 1438 vel
1555 1398 1598 1438 in
1618 1399 1714 1439 loco

255 1469 328 1510 ubi
368 1468 536 1524 spissari
575 1469 722 1524 possit.
783 1467 966 1516 Quando
1008 1472 1150 1522 aptum
1194 1466 1318 1507 fuerit
1355 1466 1408 1506 ad
1444 1465 1713 1506 scribendum

255 1551 366 1592 pone
385 1536 429 1576 in
449 1551 550 1577 vase
580 1551 734 1592 cupreo
754 1537 820 1577 vel
840 1536 893 1576 de
914 1549 1018 1576 enea
1039 1541 1080 1575 et
1101 1534 1174 1575 disi
1195 1533 1350 1589 poteris
1372 1548 1617 1575 conservare
1638 1535 1714 1575 bo-

255 1618 370 1645 num.
422 1603 466 1645 Si
487 1604 646 1659 nigrior
666 1603 792 1645 fuerit
812 1617 922 1658 pone
944 1602 1247 1658 aliquantulum
1269 1601 1440 1642 saffrani
1461 1602 1526 1643 vel
1546 1603 1598 1643 de
1619 1603 1713 1657 pul-

256 1686 352 1712 vere
373 1671 478 1713 ossis
499 1671 720 1713 combusti.
784 1670 829 1711 Si
849 1669 970 1711 citius
987 1670 1049 1711 vis
1071 1669 1319 1721 illuminare,
1340 1670 1483 1725 accipe
1504 1670 1557 1710 de
1573 1670 1713 1711 vitello

255 1739 324 1781 ovi
344 1739 473 1791 crudi,
495 1745 537 1780 et
553 1739 691 1781 misce
719 1753 816 1780 cum
848 1752 897 1778 eo
918 1737 1048 1778 viride
1070 1737 1240 1777 mellum
1255 1736 1270 1756 ²
1290 1738 1355 1778 vel
1376 1738 1533 1789 vinum,
1555 1747 1597 1779 et
1617 1753 1712 1779 cum

255 1807 336 1848 hoc
361 1807 521 1863 liquore
548 1807 659 1847 mole
688 1820 815 1862 supra
842 1811 1003 1861 petram
1025 1804 1170 1856 viride,
1203 1810 1243 1846 et
1266 1805 1362 1846 inde
1383 1805 1646 1862 distempera,
1669 1812 1712 1846 et

254 1874 316 1916 sic
336 1875 494 1916 bonum
516 1874 605 1915 erit.

742 2174 803 2200 DE
834 2173 976 2201 LIGNO
1009 2172 1234 2199 BRISILLO,

259 2271 567 2371 LIGNUM
589 2271 732 2313 brisilli
753 2271 919 2312 cultello
952 2270 1112 2311 raditur
1141 2269 1184 2310 in
1205 2284 1305 2310 vase
1336 2274 1378 2310 et
1402 2269 1713 2325 superfunditur

402 2341 439 2381 ei
459 2341 596 2380 clarea
616 2339 697 2380 ovi.
750 2338 848 2387 Quo
870 2344 1054 2394 peracto,
1074 2343 1116 2378 et
1135 2342 1361 2393 postquam
1382 2337 1555 2393 coeperit
1574 2344 1712 2378 matu—

255 2423 416 2450 rescere
435 2407 604 2464 ponitur
633 2406 676 2446 in
697 2421 747 2447 eo
778 2407 946 2446 alumen
967 2405 1079 2445 circa
1102 2419 1343 2445 mensuram
1365 2420 1609 2460 congruam,
1630 2406 1712 2446 hoc

254 2477 457 2519 brisillum
477 2481 703 2531 postquam
724 2478 980 2514 maturatum
996 2472 1132 2523 fuerit,
1154 2472 1411 2513 emitendum
1431 2478 1495 2513 est
1513 2472 1648 2528 liquor
1668 2479 1711 2514 et

254 2545 298 2586 in
328 2559 462 2587 conca
492 2543 572 2584 alia
602 2541 890 2583 reservandus.
953 2538 1051 2588 Quo
1080 2540 1209 2591 facto,
1242 2539 1392 2581 iterum
1424 2540 1619 2595 ponenda
1649 2546 1713 2581 est

255 2614 392 2654 clarea
415 2612 459 2652 in
486 2611 635 2652 eodem
660 2609 831 2659 brisiHo,
862 2612 904 2649 et
930 2613 1158 2663 postquam
1186 2613 1397 2648 maturata
1426 2608 1548 2649 fuerit
1573 2614 1711 2650 extra-

255 2680 396 2721 henda
416 2685 491 2720 est.
553 2677 681 2726 Quod
703 2675 866 2717 tamdiu
886 2676 961 2715 fiat
981 2675 1182 2731 quamdiu
1198 2674 1398 2716 brisillum
1420 2675 1574 2716 claram
1594 2676 1710 2717 illam

255 2747 569 2789 incoloraverit:
605 2745 687 2786 hoc
724 2749 864 2784 autem
897 2757 1013 2794 cave,
1054 2757 1106 2783 ne
1146 2742 1244 2783 bris.
1282 2743 1371 2783 sine
1412 2744 1592 2786 alumine
1625 2745 1709 2786 dis-

257 2822 462 2871 temperes
501 2812 687 2868 alioquin
723 2826 748 2852 a
789 2824 1045 2866 pergameno
1084 2816 1220 2851 totum
1261 2811 1357 2852 bris.
1399 2812 1601 2867 paulatim
1636 2813 1708 2854 de-

472 2904 482 2924 ¹
505 2906 526 2923 ·'‘
537 2903 667 2944 ignem,’'
681 2903 842 2943 supposita
858 2906 907 2933 est.
1152 2902 1164 2919 ²
1188 2903 1206 2917 “
1219 2901 1373 2931 mellinam
1386 2901 1400 2913 ”
1416 2913 1466 2942 qu.
1481 2904 1493 2933 ,ἲ
