1970 3202
304 287 387 326 35⁴2
731 296 981 329 'ruizorum
1015 301 1150 330 menn
1181 301 1248 330 111.

305 414 428 455 super
467 414 625 456 organa
665 401 897 457 deponitur.
973 403 1115 444 Habet
1156 419 1324 460 quoque
1367 403 1456 460 ipsa
1496 403 1747 445 domuncula

305 468 474 523 pinnam
495 483 545 509 ex
568 469 714 510 eodem
746 484 899 525 panno,
931 471 1053 528 lignis
1083 478 1261 527 quatuor
1281 472 1323 511 in
1344 471 1521 527 speciem
1554 471 1747 528 trianguli

304 542 531 587 extensam,
562 536 604 577 in
630 538 747 592 cujus
778 539 967 580 summol
1000 539 1161 594 sperula
1182 539 1319 595 lignea
1341 546 1434 592 stet,
1463 539 1528 581 cui
1545 539 1748 580 funiculus

303 604 486 646 inhaeret.
519 604 552 646 F
555 605 656 646 olles
670 612 711 646 et
725 605 1043 648 instrumentum
1057 622 1180 662 super
1200 608 1311 664 quod
1322 609 1504 664 jaceant,
1521 608 1747 649 secundum

303 672 427 712 situm
449 673 527 714 loci
549 673 600 713 ad
622 673 760 714 libitos
781 680 874 714 tuos
895 674 1082 730 dispone.

634 1010 949 1074 CAPUT
1028 1011 1414 1074 LXXXIV.

523 1160 582 1186 DE
615 1159 740 1187 DOMO
772 1158 948 1187 CUPREA
982 1160 1036 1186 ET
1067 1160 1377 1187 CONFLATORIO
1410 1161 1528 1188 EJUS.

304 1258 694 1359 SECUNDUM
725 1259 1023 1300 abundantiam
1058 1260 1287 1300 fistularum
1315 1260 1487 1315 dispone
1524 1260 1747 1317 longitudi-

410 1342 505 1368 nem
527 1334 567 1368 et
589 1328 846 1368 latitudinem
881 1328 1045 1379 domus,
1067 1335 1108 1368 et
1139 1328 1204 1368 fac
1226 1331 1401 1369 formam
1425 1329 1465 1369 in
1491 1329 1635 1384 argilla
1659 1346 1747 1372 ma-

301 1403 451 1444 cerata,
493 1395 775 1453 siccatamque
819 1397 1037 1452 diligenter
1084 1397 1219 1437 incide
1264 1396 1513 1453 quacunque
1553 1398 1746 1441 mensura.

301 1465 491 1513 volueris,
508 1470 549 1505 et
569 1464 733 1519 cooperi
756 1479 862 1515 cera,
879 1465 1097 1520 diligenter
1118 1465 1223 1505 inter
1244 1465 1347 1506 duas
1364 1466 1575 1521 aequaliter
1591 1467 1746 1521 spissas

300 1532 486 1573 hastulas
516 1547 611 1573 cum
643 1532 821 1573 rotundo
852 1533 965 1587 ligno
994 1533 1222 1575 attenuata.
1286 1533 1449 1575 Deinde
1479 1534 1614 1575 incide
1637 1536 1746 1576 fora-

301 1601 414 1641 mina
443 1601 677 1655 linguarum
709 1599 750 1640 in
772 1601 861 1655 ipsa
890 1615 997 1645 cera,
1028 1607 1069 1641 et
1098 1601 1286 1642 foramen
1316 1602 1501 1652 inferius,
1536 1618 1607 1657 per
1629 1603 1743 1659 quod

300 1676 446 1710 ventus
486 1669 685 1719 introeat3
728 1668 880 1709 additis
920 1669 1149 1724 spiraculis,
1201 1684 1295 1710 cum
1337 1669 1538 1711 infusorio
1579 1670 1748 1726 cooperi

300 1735 444 1778 eadem
477 1737 622 1791 argilla
653 1737 792 1789 semel,
833 1744 874 1778 et
903 1738 1049 1778 iterum
1084 1752 1132 1778 ac
1164 1738 1295 1778 tertio.
1376 1737 1553 1794 Cunque
1594 1738 1748 1780 siccata

300 1805 422 1846 fuerit
442 1806 588 1856 forma,
620 1805 767 1846 eodem
795 1806 922 1846 modo
946 1805 1073 1847 funde
1104 1822 1187 1863 quo
1219 1821 1340 1863 supra
1368 1807 1544 1847 formam
1567 1807 1747 1848 turibuli.

301 1873 602 1915 Conflatorium
625 1889 790 1930 quoque
812 1873 1010 1914 formabis
1039 1874 1081 1914 in
1103 1874 1247 1929 argilla
1280 1873 1600 1930 procedentibus
1622 1875 1745 1915 undi-

299 1957 380 1998 que
424 1942 592 1983 inferius
626 1942 736 1983 venti
767 1942 959 1992 aditibus,
1000 1943 1052 1983 ad
1093 1942 1403 1984 similitudinem
1435 1942 1584 1983 radicis
1625 1942 1747 1983 unius

298 2011 471 2062 arboris,
490 2018 532 2052 et
553 2011 594 2052 in
611 2026 775 2052 summo
793 2011 832 2051 in
851 2026 979 2051 unum
997 2011 1183 2052 foramen
1201 2011 1556 2052 convenientibus.
1618 2010 1745 2060 Quod

298 2095 392 2120 cum
415 2087 650 2120 mensurate
681 2079 930 2135 dispositum
952 2080 1117 2121 cultello
1139 2080 1346 2130 incideris,
1376 2080 1541 2134 cooperi
1563 2078 1675 2130 cera,
1706 2087 1748 2120 et

299 2142 364 2189 fac
394 2148 500 2189 sicut
530 2163 666 2203 supra.
729 2147 921 2204 Cumque
952 2148 1100 2188 domus
1132 2146 1286 2188 fuderis
1317 2147 1547 2203 conjunges
1577 2147 1747 2188 interius

298 2217 511 2257 altitudine
532 2216 654 2256 unius
675 2216 798 2271 digiti·
814 2231 838 2256 a
859 2216 1004 2266 fundo,
1026 2216 1212 2256 tabulam
1235 2230 1430 2271 cupream
1451 2214 1647 2256 ductilem
1669 2214 1746 2257 sub

299 2283 568 2325 foraminibus
598 2285 830 2339 linguarum
862 2285 1087 2340 aequaliter,
1119 2291 1164 2324 ut
1196 2299 1320 2339 supra
1351 2299 1443 2324 eam
1474 2284 1574 2340 ipsae
1594 2284 1746 2339 linguae

291 2352 474 2407 jaceant,
489 2353 544 2393 ita
560 2359 606 2392 ut
623 2353 783 2408 possint
799 2353 1009 2408 aequaliter
1023 2352 1193 2407 produci
1207 2358 1248 2392 et
1259 2352 1412 2402 induci,
1430 2351 1623 2407 illitisque
1644 2352 1746 2407 ipsis

298 2420 447 2476 linguis
488 2421 597 2461 tenui
631 2420 791 2477 argilla,
837 2421 1040 2476 reliquum
1072 2420 1222 2461 domus
1263 2421 1486 2476 perfundes
1521 2420 1745 2476 liquefacto

297 2489 480 2544 plumbo,
513 2504 585 2544 per
615 2489 767 2539 omnia,
790 2503 911 2544 super
940 2489 1052 2544 ipsas
1083 2489 1246 2543 linguas
1276 2503 1407 2544 usque
1437 2489 1489 2529 ad
1522 2504 1743 2530 summum.

298 2556 395 2605 Quo
427 2558 551 2607 facto,
587 2558 726 2613 ejicies
756 2558 892 2613 ipsum
924 2558 1142 2612 plumbum
1173 2557 1392 2613 diligenter
1422 2556 1745 2613 designabisque

298 2625 500 2667 foramina
526 2626 756 2667 fistularum
778 2626 818 2666 in
841 2625 1015 2680 linguis3
1049 2625 1198 2666 deinde
1221 2626 1261 2665 in
1283 2625 1371 2680 ipso
1394 2625 1565 2680 plumbo
1587 2631 1628 2665 et
1648 2639 1743 2665 cum

297 2694 439 2748 gracili
471 2695 591 2745 ferro,
622 2696 685 2736 vel
717 2695 892 2746 terebro,
924 2694 1152 2750 perforabis
1186 2694 1517 2750 diligentissime.
1579 2693 1744 2734 Deinde

296 2761 374 2801 sub
403 2761 554 2817 linguis
587 2770 801 2804 ventorum
828 2761 1036 2804 aditibus2
1066 2763 1208 2812 facies,
1241 2763 1412 2804 induces
1440 2763 1553 2818 ipsas
1581 2762 1743 2818 linguas

296 2829 479 2885 singulas
501 2830 543 2870 in
572 2831 654 2871 suis
675 2830 791 2882 locis,
822 2838 947 2887 atque
970 2845 1142 2887 repones
1164 2831 1382 2886 plumbum
1405 2838 1445 2873 et
1466 2846 1561 2872 cum
1592 2830 1743 2872 malleo

597 2937 604 2955 ¹
629 2937 789 2977 spherulal
1160 2938 1173 2956 ²
1197 2939 1324 2970 “aditus
1335 2939 1349 2950 ''
1371 2940 1443 2970 imo.

1942 418 1967 504 ,3
