1970 3202
278 213 389 254 xlviii
897 225 1130 253 PREFA'rio.

279 337 432 382 divina
455 337 672 396 dignatio,
698 337 877 381 cunctis
901 336 1142 381 humiliter
1167 336 1343 381 discere
1369 337 1736 383 desiderantibus

277 413 420 473 gratis
451 412 604 466 offero,
641 419 689 457 et
721 418 775 457 ut
810 414 858 457 in
896 429 972 457 me
1008 413 1346 472 benignitatem
1382 411 1473 457 Dei
1498 428 1741 473 recognos-

278 496 385 543 cant
420 490 777 549 largitatemque
814 491 1052 542 mirentur,
1078 490 1317 542 admoneo,
1354 495 1403 534 et
1437 495 1492 534 ut
1527 491 1664 544 idem,
1702 491 1739 536 si

279 583 418 626 opera
441 567 714 620 addiderint,
741 568 825 612 sibi
850 573 1016 627 praesto
1043 582 1154 620 esse,
1180 566 1341 626 procul
1365 567 1506 612 dubio
1532 567 1733 612 credant

279 659 473 689 1nsinuo.

345 795 477 841 Sicut
518 797 642 841 enim
684 797 859 841 homini
901 798 1209 856 quodcunque
1241 797 1441 842 vetitum
1483 802 1564 841 aut
1606 796 1737 840 inde-

279 872 430 916 bitum
472 873 786 932 cujuscunque
832 874 959 918 modi
1006 874 1260 918 ambitione
1306 877 1602 931 attemptare,
1644 873 1739 917 sive

280 949 440 1007 rapina
474 964 708 1008 usurpare,
746 951 957 1010 iniquum
996 956 1066 995 est
1109 956 1156 994 et
1193 949 1495 1003 detestabile3
1534 950 1598 993 sic
1631 949 1739 1007 jure

283 1025 492 1069 debitum
529 1031 578 1069 et
614 1041 673 1070 ex
708 1032 841 1085 patre
881 1026 986 1071 Deo
1024 1026 1366 1070 haereditarium
1403 1013 1740 1083 intemptatum

277 1100 514 1160 negligere
554 1106 635 1145 aut
677 1103 967 1162 contemptui
1012 1103 1193 1155 ducere,
1234 1101 1428 1161 ignaviae
1463 1101 1740 1145 adscribitur

275 1192 329 1222 ac
364 1177 587 1222 stultitiae.
659 1178 730 1222 Tu
755 1194 864 1239 ergo
890 1180 1152 1238 quicunque
1188 1193 1248 1230 es,
1284 1176 1349 1221 fili
1385 1177 1628 1230 carissime,
1664 1177 1739 1221 cui

277 1253 408 1298 Deus
439 1254 565 1298 misit
601 1254 647 1298 in
683 1270 761 1299 cor
796 1271 1011 1315 campum
1049 1255 1326 1299 latissimum
1364 1253 1645 1297 diversarum
1669 1269 1739 1298 ar-

276 1331 396 1374 tium
431 1333 719 1390 perscrutari,
756 1339 805 1378 et
839 1338 892 1377 ut
929 1333 1109 1385 exinde,
1146 1332 1266 1391 quod
1305 1330 1506 1382 libuerit,
1537 1330 1737 1390 colligas,

276 1406 570 1452 intellectum
618 1423 868 1467 curamque
914 1424 1158 1468 apponere,
1207 1422 1299 1451 non
1340 1406 1596 1465 vilipendas
1636 1422 1740 1466 pre-

275 1483 395 1528 tiosa
419 1489 467 1528 et
491 1484 624 1528 utilia
648 1500 852 1544 quaeque,
873 1486 1001 1544 quasi
1021 1500 1076 1530 ea
1100 1485 1185 1528 tibi
1209 1489 1374 1543 sponte
1399 1488 1480 1526 aut
1505 1482 1738 1542 insperato

277 1560 531 1604 domestica
554 1566 677 1605 terra
701 1561 999 1619 produxerit;
1037 1561 1143 1620 quia
1167 1560 1338 1605 stultus
1361 1559 1624 1618 negotiator
1648 1564 1731 1611 est,

277 1636 355 1695 qui
396 1636 666 1681 thesaurum
708 1638 866 1682 subito
907 1638 1027 1683 fossa
1066 1638 1210 1682 humo
1252 1636 1489 1696 repererit,
1526 1635 1563 1680 si
1606 1635 1737 1679 illum

277 1713 495 1773 colligere
531 1719 579 1758 et
614 1729 796 1758 servare
834 1715 1108 1774 neglexerit.
1150 1696 1315 1767 «Quod
1357 1714 1393 1758 si
1432 1713 1516 1757 tibi
1552 1712 1738 1756 arbusta

278 1790 387 1834 vilia
411 1790 656 1849 myrrham,
682 1791 790 1835 thus
823 1796 871 1835 et
899 1792 1103 1836 balsama
1131 1792 1454 1851 producerent,
1480 1805 1560 1834 seu
1586 1789 1738 1833 fontes

278 1866 520 1910 domestici
557 1866 724 1920 oleum,
762 1867 832 1912 lac
873 1874 921 1912 et
955 1867 1097 1912 mella
1135 1867 1481 1927 profunderent,
1524 1867 1620 1911 sive
1654 1881 1737 1926 pro

277 1943 426 1987 urtica
450 1948 498 1987 et
523 1943 692 1987 carduo
728 1945 998 2003 caeterisque
1033 1944 1154 1988 horti
1190 1943 1473 2003 graminibus
1495 1943 1664 1987 nardus
1689 1949 1737 1987 et

277 2018 432 2063 fistula
489 2019 866 2080 diversorumque
922 2036 1147 2081 generum
1205 2024 1413 2065 aromata
1464 2026 1736 2072 crescerent,

276 2095 503 2154 numquid
537 2096 609 2141 his
645 2099 926 2157 contemptis
955 2104 1176 2157 tanquam
1201 2097 1367 2141 vilibus
1399 2101 1447 2140 et
1473 2096 1738 2140 domesticis

277 2172 336 2216 ad
372 2178 606 2226 extranea,
645 2189 730 2218 nec
766 2174 970 2228 meliora,
1007 2175 1087 2220 sed
1128 2173 1331 2218 fortassis
1358 2172 1518 2216 viliora
1553 2187 1738 2231 compa-

277 2249 420 2293 randa
445 2250 660 2294 circuires
694 2255 840 2295 terras
864 2257 912 2296 et
947 2250 1126 2296 mares?
1163 2255 1211 2294 et
1235 2249 1322 2293 hoc
1347 2254 1395 2293 te
1418 2249 1581 2307 judice
1603 2264 1736 2309 gran-

280 2325 349 2370 dis
395 2325 516 2370 foret
571 2326 783 2371 stultitia.
855 2327 1077 2379 Quamvis
1131 2326 1256 2371 enim
1301 2325 1479 2370 soleant
1525 2325 1736 2371 homines

280 2415 473 2459 quaeque
509 2403 713 2461 pretiosa
747 2403 897 2448 multo
934 2405 1099 2449 sudore
1135 2402 1336 2461 quaesita,
1372 2406 1736 2461 sumptuumque

279 2478 613 2522 numerositate
642 2486 919 2538 comparata,
956 2481 1104 2540 primo
1136 2479 1238 2523 loco
1271 2492 1506 2538 reponere,
1536 2493 1736 2523 summa-

281 2568 372 2612 que
396 2554 517 2598 tueri
542 2555 749 2600 cautela:
783 2562 940 2601 tamen
960 2558 996 2602 si
1021 2554 1139 2601 forte
1160 2555 1395 2600 interdum
1412 2554 1554 2614 gratis
1578 2569 1736 2599 occur-

280 2630 425 2673 rerint
460 2636 542 2674 aut
573 2630 870 2677 inveniantur
893 2634 1019 2693 paria
1042 2648 1124 2678 seu
1155 2632 1359 2684 meliora,
1391 2646 1485 2675 non
1513 2630 1733 2683 dissimili,

280 2705 375 2749 imo
400 2706 560 2764 majori
585 2714 826 2753 servantur
850 2710 1071 2755 custodia.
