1970 3202
240 256 324 297 256
701 269 951 296 'rnssopmm
985 269 1121 295 LIBER
1153 269 1221 298 111.

241 369 435 424 poliendo
469 375 730 426 acceperant,
764 369 1053 424 extinctasque
1074 369 1114 409 in
1137 383 1247 424 aqua
1279 383 1438 409 rursum
1471 367 1691 422 diligenter

240 437 468 492 sculpendo
501 437 644 492 polieS,
672 437 807 477 donec
839 435 1036 477 eximium
1069 436 1274 492 fulgorem
1306 435 1527 491 accipiant,
1549 434 1691 490 sicque

241 504 447 545 colorabis
468 518 554 555 eas,
575 504 647 544 tali
669 503 945 545 confectione.

699 830 1011 892 CAPUT
1091 831 1228 893 XL

702 975 763 1002 DE
793 974 1063 1003 COLORANDO
1094 975 1229 1003 AURO.

325 1075 462 1116 UME
494 1080 806 1125 attramentum,
821 1074 938 1114 mitte
958 1073 1001 1113 in
1029 1078 1178 1114 testam
1202 1074 1294 1115 ollae
1315 1076 1515 1116 mundam
1537 1082 1578 1117 et
1599 1076 1694 1132 igne

351 1144 585 1199 probatam,
607 1157 768 1198 ponens
790 1156 914 1197 super
934 1141 1149 1192 carbones,
1166 1142 1300 1183 donec
1318 1144 1489 1184 omnino
1510 1144 1696 1199 liquefiat

243 1219 286 1254 et
304 1213 554 1253 indurescat.
618 1210 784 1251 Deinde
815 1210 932 1250 aufer
957 1224 981 1250 a
1007 1215 1116 1250 testa
1146 1215 1187 1250 et
1217 1210 1334 1252 mitte
1365 1212 1442 1252 sub
1471 1212 1585 1267 ipsos
1606 1227 1697 1253 car-

244 1281 388 1330 bones,
410 1285 535 1335 atque
559 1278 725 1334 cooperi
742 1277 976 1332 diligenter,
994 1283 1146 1318 etcum
1161 1277 1258 1318 folle
1275 1279 1410 1329 suffla,
1430 1279 1564 1320 donec
1581 1294 1697 1320 com-

243 1348 417 1389 buratur
446 1354 488 1388 et
518 1347 559 1386 in
590 1346 763 1386 rubeum
793 1345 975 1386 colorem
996 1350 1275 1386 convertatur.
1337 1345 1486 1387 Statim
1508 1348 1693 1388 ablatum

244 1416 298 1456 ab
319 1417 418 1471 igne
447 1429 543 1455 cum
574 1413 862 1469 refrigeratum
894 1412 1029 1463 fuerit,
1060 1419 1147 1454 tere
1178 1413 1220 1453 in
1251 1415 1421 1454 scutella
1442 1415 1580 1470 lignea
1600 1430 1695 1456 cum

244 1484 377 1524 ferreo
399 1482 565 1533 malleo,
596 1481 757 1522 addens
787 1481 824 1522 ei
854 1481 1020 1521 tertiam
1051 1487 1211 1536 partem
1243 1482 1353 1533 salis,
1378 1489 1697 1539 temperansque

244 1565 340 1592 cum
362 1550 458 1591 vino
489 1549 576 1590 sive
605 1549 737 1599 urina,
769 1563 933 1589 rursum
958 1548 1120 1589 fortiter
1147 1554 1245 1599 tere,
1267 1550 1402 1590 donec
1423 1551 1602 1605 spissum
1625 1552 1698 1591 fiat

246 1619 353 1660 sicut
373 1619 456 1659 feX.
518 1617 587 1658 Ex
608 1617 688 1657 hac
710 1616 970 1657 confectione
1001 1630 1095 1656 cum
1119 1631 1259 1671 penna
1290 1618 1454 1673 cooperi
1489 1619 1601 1675 quod
1625 1620 1696 1660 de-

245 1692 436 1728 auratum
467 1691 542 1737 est,
574 1685 632 1726 sic
662 1691 710 1726 ut
741 1685 842 1725 nihil
875 1684 963 1725 auri
996 1691 1209 1740 appareat,
1245 1691 1287 1726 et
1318 1700 1426 1741 pone
1456 1702 1579 1743 super
1609 1703 1698 1729 car-

246 1756 392 1804 bones,
423 1754 559 1795 donec
589 1753 835 1804 exsiccetur,
857 1758 899 1794 et
929 1753 1068 1793 fumus
1101 1768 1154 1794 ex
1189 1754 1303 1794 omni
1337 1760 1452 1809 parte
1485 1756 1697 1796 modicum

245 1823 458 1878 procedat,
489 1827 531 1862 et
562 1836 662 1862 mox
692 1821 883 1861 auferens
919 1821 973 1861 ab
1009 1821 1104 1875 igne
1136 1821 1252 1862 mitte
1283 1822 1323 1861 in
1355 1837 1522 1878 aquam,
1554 1825 1698 1865 lavans

246 1889 466 1945 diligenter
487 1903 581 1929 cum
612 1887 712 1928 setis
743 1888 923 1938 mundis,
954 1902 1201 1944 rursumque
1229 1890 1445 1931 exsiccans
1466 1906 1590 1947 super
1610 1907 1700 1932 car-

248 1957 391 2007 bones,
413 1957 576 1998 involve
597 1970 738 2012 panno
759 1956 918 1997 mundo
939 1956 1073 1997 donec
1095 1957 1367 2012 refrigeretur.

695 2267 1253 2350 CArUT·XLL

350 2493 552 2536 ENENS
569 2508 667 2535 vero
688 2494 787 2535 illud
809 2494 851 2534 in
873 2495 1021 2534 eodem
1042 2508 1197 2549 panno,
1214 2494 1313 2535 rade
1326 2494 1544 2550 diligenter
1562 2496 1703 2536 omnia

377 2565 481 2615 loca,
503 2579 596 2620 quae
617 2563 771 2619 nigello
791 2562 1010 2618 denigrata
1032 2569 1141 2613 sunt,
1163 2577 1258 2603 cum
1280 2563 1387 2603 ferro
1410 2563 1578 2605 rasorio.

309 2632 416 2673 Post
435 2633 526 2673 haec
548 2631 705 2672 habeas
727 2630 975 2686 (¹lapidem)
1006 2630 1167 2685 nigrum
1192 2637 1233 2671 et
1260 2631 1442 2682 mollem,
1464 2633 1534 2687 qui
1561 2632 1704 2673 leviter

250 2700 383 2755 possit
420 2700 545 2740 incidi
581 2705 622 2740 et
657 2713 763 2754 pene
799 2712 895 2739 cum
927 2712 1068 2753 ungue
1090 2698 1193 2750 radi,
1226 2705 1268 2739 et
1302 2714 1397 2739 cum
1427 2700 1495 2740 illo
1535 2700 1703 2741 fricabis

294 2801 303 2819 ¹
328 2803 348 2818 “
364 2800 524 2841 lapidem‚”
547 2811 611 2831 non
627 2805 761 2841 apparet
783 2800 819 2829 in
841 2799 940 2829 codice
954 2799 1072 2829 Harleo
1082 2810 1096 2834 ;
1119 2800 1172 2829 hoc
1193 2805 1376 2839 sum-oyatur
1391 2812 1425 2832 ex
1448 2803 1522 2833 Cod.
1541 2802 1705 2842 Guelpher-

247 2858 367 2897 bytano.
