1970 3202
239 199 325 239 206
597 212 829 240 PROLOGUS
862 214 909 240 IN
943 214 1119 241 LlnRUM
1150 214 1367 242 TER'rmM.

233 314 386 366 rietes,
414 320 484 358 est
508 315 718 375 paradysi
754 316 958 375 species3
993 316 1028 360 si
1062 315 1250 361 luminis
1281 316 1610 360 abundantiam
1637 331 1696 361 ex

233 390 450 436 fenestris
473 391 695 444 intuetur,
721 392 1083 437 inestimabilem
1106 392 1210 436 vitri
1233 393 1448 437 decorem
1474 398 1523 437 et
1547 393 1698 452 operis

231 467 556 527 pretiosissimi
581 469 857 514 varietatem
881 469 1092 514 miratur.
1166 469 1302 522 Quod
1327 471 1365 515 si
1390 468 1509 515 forte
1534 468 1699 514 Domi-

231 545 346 590 nicae
383 544 613 590 Passionis
648 545 851 606 effigiem
894 545 1180 591 liniamentis
1218 562 1485 607 expressam
1521 546 1698 605 conspi-

233 627 367 667 catur
388 621 538 667 fidelis
562 623 729 675 anima,
766 624 1124 683 compungitur3
1161 625 1198 669 si
1229 630 1403 684 quanta
1425 624 1572 668 sancti
1596 638 1699 683 per-

232 697 427 743 tulerint
461 698 517 742 in'
546 699 639 744 suis
676 700 943 759 corporibus
979 701 1273 753 cruciamina,
1299 706 1566 759 quantaque
1591 700 1697 744 vitae

233 780 414 820 aeternae
448 777 744 836 perceperint
780 777 971 835 praemia
994 777 1235 837 conspicit,
1260 777 1366 821 vitae
1389 776 1595 822 melioris
1618 777 1698 822 ob-

233 853 513 897 servantiam
553 853 746 912 arripit;
793 853 831 897 si
877 858 1053 911 quanta
1098 860 1207 898 sunt
1254 854 1302 897 in
1342 852 1469 898 coelis
1515 853 1697 913 gaudia,

234 934 500 987 quantaque
537 929 585 973 in
623 930 836 974 tartareis
878 929 1077 975 flammis
1118 931 1435 975 cruciamenta
1474 930 1697 983 intuetur,

234 1020 316 1065 spe
340 1005 398 1050 de
422 1006 554 1051 bonis
579 1005 698 1052 suis¹
727 1007 971 1059 animatur,
995 1012 1043 1051 et
1069 1007 1127 1052 de
1150 1012 1448 1066 peccatorum
1469 1006 1699 1051 consider-

235 1083 392 1128 atione
416 1084 664 1128 formidine
689 1085 968 1128 concutitur.

306 1278 409 1338 Age
447 1292 557 1338 ergo
594 1292 730 1330 nunc,
756 1277 825 1321 vir
860 1277 994 1330 bone,
1021 1277 1135 1322 felix
1171 1278 1295 1337 apud
1334 1277 1493 1322 Deum
1531 1283 1579 1322 et
1620 1276 1701 1322 ho-

237 1355 387 1400 mines
428 1354 477 1398 in
512 1354 598 1399 hac
640 1354 749 1407 vita,
791 1353 971 1399 felicior
1004 1354 1051 1398 in
1088 1354 1256 1407 futura,
1290 1356 1421 1415 cujus
1454 1353 1612 1399 labore
1652 1359 1700 1399 et

237 1432 393 1478 studio
419 1430 524 1476 Deo
544 1436 616 1475 tot
636 1430 921 1476 exhibentur
942 1430 1224 1484 holocausta,
1244 1431 1456 1491 ampliori
1482 1431 1701 1491 deinceps

237 1509 491 1554 accendere
533 1505 754 1561 sollertia,
780 1514 829 1552 et
870 1522 971 1566 quae
997 1507 1149 1552 adhuc
1185 1508 1353 1553 desunt
1388 1508 1700 1553 in-utensiliis

239 1587 405 1631 domus
441 1585 648 1639 Domini,
684 1585 742 1630 ad
787 1584 1074 1645 explendum
1106 1585 1360 1645 aggredere
1390 1589 1494 1630 toto
1529 1585 1701 1630 mentis

241 1662 498 1716 conamine,
547 1663 646 1708 sine
687 1663 854 1722 quibus
895 1661 1052 1707 divina
1092 1661 1312 1722 mysteria
1354 1666 1403 1706 et
1443 1660 1700 1706 officiorum

239 1740 497 1785 ministeria
535 1755 630 1784 non
676 1739 834 1784 valent
876 1739 1142 1784 consistere.
1212 1738 1335 1784 Sunt
1374 1743 1534 1784 autem
1576 1738 1699 1783 haec:

241 1815 433 1869 CaliceS‚
459 1815 760 1869 Candelabra,
797 1815 1066 1867 Thuribula,
1096 1815 1343 1875 Ampullae‚
1382 1814 1537 1868 Urcei,
1573 1829 1703 1859 sanc-

240 1898 396 1938 torum
420 1893 666 1953 pignerum
685 1891 875 1945 Scrinia,
893 1883 1077 1944 Cruces,
1104 1890 1319 1936 Plenaria
1338 1896 1386 1936 et
1402 1897 1580 1944 caetera,
1600 1907 1701 1950 quae

240 1970 288 2014 in
313 1985 449 2015 usum
475 1968 776 2015 ecclesiastici
799 1969 971 2014 ordinis
996 1968 1145 2028 poscit
1170 1967 1347 2012 utilitas
1372 1968 1638 2013 necessaria.

310 2046 425 2100 Quae
448 2047 485 2092 si
510 2047 576 2092 vis
596 2061 889 2107 componere,
913 2046 1003 2091 hoc
1027 2046 1219 2105 incipias
1242 2045 1417 2093 ordine.

403 2187 413 2208 ¹
444 2193 467 2210 ‘⁸'
484 2187 650 2225 Actibus
667 2188 687 2203 ’³
708 2187 959 2238 interponitur
978 2187 1017 2223 in
1038 2186 1176 2224 Codice
1199 2186 1542 2238 Guelpkerbylano.

720 2455 926 2483 EXPLICIT
959 2455 1204 2483 PROLOGUS.
