1970 3202
326 289 411 331 290
795 303 1047 331 THEOPIIILI
1078 303 1213 331 LIBER
1245 304 1312 331 111.

792 620 1100 684 CAPUT
1178 620 1315 681 LX.

758 801 818 827 DE
849 799 1120 828 THURIBULO
1152 799 1351 828 DUOTILI.

410 935 429 976 I
452 948 549 976 vero
570 933 780 975 thuribula
801 933 945 974 ductili
966 947 1091 989 opere
1115 947 1368 989 componere
1388 934 1566 976 volueris
1595 935 1637 975 in
1664 949 1780 986 auro,

437 1001 501 1044 vel
535 1007 723 1058 argento,
753 1001 841 1043 sive
871 1016 1015 1057 cupro,
1042 1002 1223 1058 primum
1252 1002 1492 1058 purificabis
1521 1003 1666 1044 ordine
1695 1018 1781 1059 quo

328 1086 467 1127 supra,
488 1077 614 1127 atque
634 1070 784 1111 fundes
805 1070 848 1110 in
868 1069 1034 1111 fusoriis
1055 1069 1173 1111 ferris
1193 1070 1299 1111 duas
1319 1084 1484 1111 mareas
1505 1070 1570 1111 vel
1590 1076 1674 1112 tres
1695 1071 1782 1112 sive

329 1145 520 1196 quatuor,
543 1138 773 1180 secundum
798 1138 1075 1194 quantitatem
1099 1151 1228 1194 quam
1248 1137 1310 1179 vis
1340 1136 1495 1179 habere
1526 1138 1781 1194 superiorem

329 1212 491 1263 partem
521 1205 733 1247 thuribuli.
797 1205 963 1247 Deinde
993 1204 1229 1246 attenuabis
1264 1204 1308 1246 in
1343 1206 1523 1246 rotulam
1554 1220 1604 1247 eo
1635 1207 1781 1248 ordine

328 1289 412 1332 quo
434 1274 622 1330 superius
649 1273 821 1315 calicem
851 1278 1097 1329 argenteum
1128 1273 1344 1329 majorem,
1366 1279 1545 1328 excepto
1566 1274 1679 1330 quod
1700 1274 1781 1316 hoc

328 1357 435 1399 opus
470 1342 643 1398 spissius
675 1347 717 1383 et
745 1341 991 1397 profundius
1021 1340 1260 1382 ducendum
1290 1346 1354 1383 est
1382 1340 1568 1393 interius,
1589 1347 1636 1383 ut
1660 1342 1782 1383 altius

329 1410 383 1451 sit
419 1409 615 1461 exterius,
648 1409 706 1450 ita
740 1414 788 1450 ut
821 1408 998 1450 altitudo
1032 1408 1076 1449 in
1112 1422 1157 1450 se
1190 1408 1321 1464 ipsius
1353 1408 1617 1450 latitudinem
1648 1414 1781 1451 totam

327 1468 482 1520 habea't
496 1486 538 1520 et
553 1478 642 1534 ejus
659 1477 939 1519 medietatem.
986 1476 1117 1532 Cujus
1133 1476 1394 1517 altitudinem
1412 1489 1507 1516 cum
1524 1476 1781 1531 produxeris,

330 1547 570 1603 priusquam
591 1545 855 1587 latitudinem
871 1544 1148 1600 constringas,
1165 1543 1358 1600 pertrahe
1377 1542 1420 1583 in
1436 1557 1486 1584 eo
1502 1542 1651 1595 turres,
1666 1544 1782 1585 vide—

329 1615 425 1656 licet
453 1615 496 1655 in
527 1628 721 1669 supremo
753 1627 882 1654 unam
910 1613 1266 1668 oetoangulatam,
1289 1612 1333 1653 in
1353 1626 1437 1668 qua
1459 1612 1566 1653 fiant
1593 1613 1781 1668 ejusdem

328 1681 488 1723 numeri
524 1682 727 1734 fenestrae,
763 1681 842 1723 sub
877 1695 962 1737 qua
1001 1681 1106 1723 fiant
1144 1685 1327 1737 quatuor
1366 1679 1593 1736 quadratae,
1631 1681 1782 1738 quibus

328 1749 505 1805 singulis
526 1750 796 1805 imponantur
815 1755 899 1791 tres
920 1749 1170 1805 columpnae,
1192 1754 1234 1791 et
1253 1748 1359 1790 inter
1383 1763 1454 1790 eas
1475 1749 1569 1791 duae
1590 1749 1783 1792 fenestrae

327 1818 555 1873 productae,
590 1818 633 1858 in
668 1832 845 1874 quarum
886 1816 1024 1858 medio
1061 1831 1188 1873 super
1219 1817 1399 1859 mediam
1436 1818 1675 1860 columnam
1709 1819 1783 1860 fiat

328 1886 546 1927 fenestella
567 1886 772 1938 rotunda3
805 1885 883 1926 sub
904 1885 1056 1942 quibus
1086 1885 1129 1926 in
1159 1885 1281 1926 tertio
1311 1885 1404 1927 loco
1432 1885 1664 1927 formentur
1692 1886 1783 1927 aliae

327 1961 461 1995 turres
504 1960 632 2006 octo;
679 1960 857 2010 quatuor
897 1953 1089 1995 videlicet
1130 1953 1323 1995 rotundae
1364 1958 1509 1995 contra
1551 1953 1783 2009 superiores

329 2022 525 2078 quadras,
546 2021 588 2062 in
610 2022 762 2078 quibus
783 2022 887 2062 fiant
907 2021 1070 2063 flosculi
1091 2026 1163 2062 aut
1186 2020 1359 2062 aviculae
1379 2021 1445 2062 vel
1472 2020 1673 2073 bestiolae,
1695 2021 1782 2062 sive

327 2090 567 2146 fenestellae,
589 2095 631 2130 et
661 2090 767 2131 inter
793 2103 865 2131 eas
892 2095 1073 2145 quatuor
1092 2088 1278 2146 quadrae,
1299 2103 1393 2145 quae
1420 2095 1463 2131 et
1489 2089 1656 2130 latiores
1684 2089 1782 2140 sint,

329 2158 372 2199 in
392 2157 544 2214 quibus
564 2157 671 2199 fiant
691 2157 873 2198 dimidiae
893 2156 1099 2214 imagines
1119 2157 1380 2213 angelorum,
1401 2157 1522 2214 quasi
1543 2157 1585 2198 in
1605 2157 1664 2199 eis
1685 2171 1781 2199 cum

330 2225 405 2266 alis
437 2225 522 2266 suis
558 2225 806 2266 sedentium.
869 2223 957 2266 Sub
993 2224 1146 2281 quibus
1180 2224 1223 2266 in
1257 2224 1349 2280 ipsa
1384 2224 1638 2266 rotunditate
1670 2225 1781 2266 vasis

329 2294 433 2334 fiant
461 2298 640 2349 quatuor
670 2293 865 2333 areus‘in
895 2307 1091 2349 supremo
1122 2292 1286 2334 modice
1318 2292 1526 2348 producti,
1556 2292 1599 2333 in
1629 2292 1782 2349 quibus

330 2363 434 2403 fiant
454 2361 718 2417 evangelistae
742 2361 829 2402 sive
860 2360 901 2401 in
931 2360 1070 2417 specie
1100 2361 1360 2416 angelorum,
1382 2373 1456 2401 seu
1475 2359 1519 2400 in
1539 2361 1674 2416 figura
1695 2361 1783 2401 ani·

330 2429 522 2480 malium;
565 2428 673 2476 inter
713 2443 820 2485 quos
859 2442 980 2469 arcus
1021 2442 1144 2484 super
1182 2428 1317 2483 ipsam
1357 2440 1473 2469 oram
1515 2427 1781 2470 rotunditatis

329 2501 538 2552 ponantur
570 2501 749 2552 quatuor
783 2495 923 2552 capita
955 2496 1122 2537 leonum
1159 2495 1246 2537 sive
1278 2494 1496 2536 hominum
1529 2494 1678 2547 fusilia,
1708 2510 1782 2551 per

330 2579 424 2621 quae
445 2570 603 2606 catenae
625 2570 854 2606 transeant.
907 2563 987 2606 His
1007 2564 1064 2605 ita
1085 2564 1316 2620 pertractis,
1333 2578 1429 2605 cum
1445 2563 1562 2604 ferris
1582 2564 1781 2606 ductoriis

330 2638 372 2673 et
407 2632 579 2683 malleis,
610 2631 783 2673 interius
815 2637 856 2673 et
890 2631 1071 2673 exterius
1106 2631 1403 2688 percutiantur,
1439 2631 1574 2673 donec
1608 2632 1780 2674 omnino

330 2700 574 2751 formentur,
612 2699 756 2755 sicque
794 2699 989 2741 limentur
1027 2704 1070 2741 et
1107 2699 1318 2751 radentur,
1354 2699 1555 2757 ferrisque
1594 2700 1781 2741 fossoriis

330 2768 553 2809 fodiantur,
615 2767 720 2809 Haec
755 2772 819 2809 est
853 2767 1040 2823 superior
1068 2781 1166 2823 pars
1194 2767 1373 2809 turibuli.
1437 2767 1603 2810 Deinde
1633 2782 1780 2824 percu-

329 2836 456 2877 tiatur
483 2834 653 2877 inferior
682 2849 781 2876 cum
811 2849 888 2876 suo
918 2835 1038 2890 pede,
1060 2835 1102 2876 in
1123 2850 1207 2892 quo
1227 2835 1332 2877 fiant
1351 2841 1531 2892 quatuor
1551 2850 1685 2887 arcus,
1707 2834 1780 2891 qui

330 2902 611 2959 respondeant
641 2901 934 2957 superioribus,
956 2903 997 2943 in
1026 2902 1178 2958 quibus
1208 2903 1381 2945 sedeant
1401 2909 1579 2959 quatuor
1608 2903 1779 2946 flumina
