1970 3202
244 217 268 257 8
727 233 976 261 'rHEoPmm
1011 233 1146 261 mum}
1179 235 1207 261 12

715 381 1031 444 CAPUT
1111 381 1223 443 [K

714 528 773 555 DE
805 527 984 555 LUMINA
1015 527 1235 556 SECUNDA.

248 626 258 630 “
347 628 381 669 Τ
403 629 436 669 si
458 628 585 670 facies
605 627 829 668 tenebrosa
849 627 971 668 fuerit
990 632 1037 668 ut
1056 628 1093 668 ei
1114 641 1200 669 non
1222 627 1401 668 sufficiat
1420 641 1504 668 una
1525 627 1696 678 lumina,

377 696 484 737 adde
505 696 542 737 ei
572 695 748 750 amplius
781 694 834 735 de
865 695 960 737 albo
981 700 1023 736 et
1043 709 1167 750 super
1187 695 1365 750 priorem
1387 695 1504 736 linies
1526 695 1696 736 subtiles

232 767 401 803 ‘tractus
422 777 495 816 per
515 762 668 804 omnia.

738 966 1056 1030 CAPUT
1133 969 1205 1030 X

307 1116 366 1142 DE
397 1113 601 1143 CAPILLIS
632 1113 896 1152 PUERORUM,
926 1113 1289 1142 ADOLESOENTUM
1321 1114 1377 1141 ET
1407 1114 1638 1142 JUVENUM.

247 1214 459 1314 POST
498 1213 587 1255 haec
622 1214 750 1255 misce
784 1213 998 1255 modicum
1030 1214 1195 1271 nigrum
1230 1228 1326 1256 cum
1363 1228 1467 1269 ogra
1505 1219 1548 1255 et
1573 1213 1700 1269 imple

379 1282 552 1338 capillos
579 1295 816 1337 puerorum,
847 1287 889 1323 et
924 1282 1113 1324 discerne
1140 1297 1212 1324 eos
1244 1296 1341 1323 cum
1371 1281 1503 1336 nigro.
1577 1281 1700 1322 Adde

246 1349 425 1404 amplius
455 1349 561 1405 nigri
593 1363 690 1390 cum
729 1363 829 1405 ogra
867 1355 909 1390 et
939 1350 1065 1406 imple
1100 1350 1273 1405 capillos
1305 1349 1631 1400 adolescentum,
1661 1354 1702 1390 et

244 1417 434 1458 illumina
461 1431 558 1458 cum
578 1416 725 1472 prima.
796 1416 920 1458 Adde
941 1417 1118 1472 amplius
1139 1417 1278 1458 adhuc
1300 1415 1406 1473 nigri
1427 1422 1468 1458 et
1488 1416 1614 1472 imple
1631 1430 1701 1457 ca-

243 1485 365 1540 pillos
380 1485 600 1540 juvenum,
622 1488 664 1525 et
683 1483 871 1525 illumina
892 1498 988 1525 cum
1010 1484 1206 1526 secundo.

724 1697 1028 1760 CAPUT
1105 1699 1224 1760 XL

641 1845 702 1871 DE
741 1844 906 1883 BARBIS
936 1844 1297 1873 ADOLESOENTUM
1304 1864 1312 1872 .

386 1943 522 1985 ISOE
561 1944 702 1999 prasin
735 1951 777 1986 et
811 1945 986 1986 rubeum
1028 1950 1069 1986 et
1102 1944 1136 1986 si
1166 1944 1230 1985 vis
1262 1959 1368 1986 rosae
1402 1943 1629 1995 modicum,
1665 1950 1707 1984 et

412 2011 537 2066 imple
558 2012 711 2053 barbas
733 2012 1059 2054 adolescentum.
1141 2011 1279 2052 Misce
1300 2026 1447 2067 ogram
1468 2016 1510 2052 et
1539 2011 1704 2066 nigrum

249 2084 291 2119 ct
322 2079 510 2130 rubeum,
545 2084 587 2120 et
616 2078 742 2135 imple
775 2079 947 2135 capillos
979 2085 1021 2120 et
1050 2079 1235 2120 illumina
1270 2077 1370 2134 ogra
1400 2078 1566 2120 modico
1587 2078 1706 2134 nigro

250 2145 395 2197 mixta,
417 2152 458 2187 et
478 2161 530 2188 ex
552 2146 700 2188 eadem
722 2146 903 2188 mixtura
924 2147 990 2188 fac
1012 2146 1153 2202 nigros
1174 2151 1331 2187 tractus
1352 2146 1394 2187 in
1415 2146 1559 2188 barba.

702 2373 1012 2436 CAPUT
1087 2374 1255 2436 XIL

369 2520 430 2547 DE
455 2519 658 2547 CAPILLIS
688 2520 744 2548 ΕΤ
775 2519 929 2548 BARBA
959 2520 1312 2549 DECREPITORUM
1341 2520 1396 2547 ET
1427 2520 1593 2547 SENUM.

258 2618 525 2717 MISCE
547 2620 759 2661 modicum
781 2620 888 2675 nigri
919 2635 1015 2661 cum
1047 2635 1204 2671 cerosa,
1241 2626 1282 2661 et
1313 2620 1439 2675 imple
1473 2619 1644 2674 capillos
1666 2627 1708 2660 et

407 2686 560 2727 barbas
582 2687 902 2742 decrepitorum.
953 2687 1075 2728 Adde
1096 2687 1231 2728 eidem
1252 2686 1383 2727 colori
1404 2685 1582 2740 amplius
1603 2685 1710 2740 nigri

253 2760 295 2794 et
327 2752 538 2793 modicum
570 2754 699 2805 rubei,
727 2760 769 2795 et
792 2755 858 2795 fac
878 2754 973 2796 inde
994 2760 1164 2806 tractus,
1193 2760 1234 2795 et
1255 2752 1506 2793 illuminabis
1533 2751 1709 2806 simplici

255 2819 411 2863 cerosa.
474 2819 713 2862 Commisce
735 2836 898 2863 rursum
920 2836 1073 2863 cerosae
1094 2821 1270 2877 amplius
1292 2820 1411 2875 nigri,
1434 2824 1475 2860 et
1494 2819 1619 2874 imple
1641 2832 1709 2859 ca-
