<?xml version="1.0" encoding="UTF-8"?>
<!DOCTYPE html PUBLIC "-//W3C//DTD XHTML 1.0 Transitional//EN"
    "http://www.w3.org/TR/xhtml1/DTD/xhtml1-transitional.dtd">
<html xmlns="http://www.w3.org/1999/xhtml" xml:lang="en" lang="en">
 <head>
  <title>
</title>
<meta http-equiv="Content-Type" content="text/html;charset=utf-8" />
  <meta name='ocr-system' content='tesseract 3.04.00' />
  <meta name='ocr-capabilities' content='ocr_page ocr_carea ocr_par ocr_line ocrx_word'/>
</head>
<body>
  <div class='ocr_page' id='page_1' title='image "./theophiliquietru00theouoft_0198.png"; bbox 0 0 1970 3202; ppageno 0'>
   <div class='ocr_carea' id='block_1_1' title="bbox 236 275 1215 319">
    <p class='ocr_par' dir='ltr' id='par_1_1' title="bbox 236 275 1215 319">
     <span class='ocr_line' id='line_1_1' title="bbox 236 275 1215 319; baseline 0.004 -4"><span class='ocrx_word' id='word_1_1' title='bbox 236 275 315 316; x_wconf 82' lang='lat'><strong>128</strong></span> <span class='ocrx_word' id='word_1_2' title='bbox 718 290 967 318; x_wconf 83' lang='lat' dir='ltr'><strong>THEOPHILI</strong></span> <span class='ocrx_word' id='word_1_3' title='bbox 1000 291 1136 318; x_wconf 71' lang='lat' dir='ltr'><strong>mmm</strong></span> <span class='ocrx_word' id='word_1_4' title='bbox 1167 292 1215 319; x_wconf 91' lang='lat'><strong>11.</strong></span> 
     </span>
    </p>
   </div>
   <div class='ocr_carea' id='block_1_2' title="bbox 231 388 1687 916">
    <p class='ocr_par' dir='ltr' id='par_1_2' title="bbox 231 388 1687 916">
     <span class='ocr_line' id='line_1_2' title="bbox 231 388 1685 448; baseline 0.001 -20"><span class='ocrx_word' id='word_1_5' title='bbox 231 388 391 444; x_wconf 84' lang='lat' dir='ltr'><strong>lignum</strong></span> <span class='ocrx_word' id='word_1_6' title='bbox 417 389 587 445; x_wconf 87' lang='lat' dir='ltr'><strong>aequale‚</strong></span> <span class='ocrx_word' id='word_1_7' title='bbox 610 390 881 447; x_wconf 87' lang='lat' dir='ltr'><strong>aperiensque</strong></span> <span class='ocrx_word' id='word_1_8' title='bbox 909 391 951 431; x_wconf 89' lang='lat' dir='ltr'><strong>in</strong></span> <span class='ocrx_word' id='word_1_9' title='bbox 978 406 1028 432; x_wconf 87' lang='lat' dir='ltr'><strong>ea</strong></span> <span class='ocrx_word' id='word_1_10' title='bbox 1054 401 1172 448; x_wconf 85' lang='lat' dir='ltr'><strong>parte</strong></span> <span class='ocrx_word' id='word_1_11' title='bbox 1200 406 1283 447; x_wconf 91' lang='lat' dir='ltr'><strong>qua</strong></span> <span class='ocrx_word' id='word_1_12' title='bbox 1311 393 1456 433; x_wconf 91' lang='lat' dir='ltr'><strong>fissum</strong></span> <span class='ocrx_word' id='word_1_13' title='bbox 1484 395 1560 441; x_wconf 88' lang='lat' dir='ltr'><strong>est,</strong></span> <span class='ocrx_word' id='word_1_14' title='bbox 1582 390 1685 431; x_wconf 89' lang='lat' dir='ltr'><strong>dila-</strong></span> 
     </span>
     <span class='ocr_line' id='line_1_3' title="bbox 231 456 1686 516; baseline 0.001 -20"><span class='ocrx_word' id='word_1_15' title='bbox 231 456 341 497; x_wconf 82' lang='lat' dir='ltr'>tabis</span> <span class='ocrx_word' id='word_1_16' title='bbox 377 462 418 497; x_wconf 89' lang='lat' dir='ltr'><strong>et</strong></span> <span class='ocrx_word' id='word_1_17' title='bbox 450 471 545 498; x_wconf 90' lang='lat' dir='ltr'><strong>cum</strong></span> <span class='ocrx_word' id='word_1_18' title='bbox 581 457 737 513; x_wconf 85' lang='lat' dir='ltr'>forcipe</span> <span class='ocrx_word' id='word_1_19' title='bbox 772 458 1001 499; x_wconf 89' lang='lat' dir='ltr'><strong>secundum</strong></span> <span class='ocrx_word' id='word_1_20' title='bbox 1035 459 1199 500; x_wconf 92' lang='lat' dir='ltr'><strong>libitum</strong></span> <span class='ocrx_word' id='word_1_21' title='bbox 1233 459 1431 516; x_wconf 86' lang='lat' dir='ltr'><strong>aequabis.</strong></span> <span class='ocrx_word' id='word_1_22' title='bbox 1493 456 1686 513; x_wconf 87' lang='lat' dir='ltr'>Cumque</span> 
     </span>
     <span class='ocr_line' id='line_1_4' title="bbox 233 523 1684 582; baseline 0.001 -19"><span class='ocrx_word' id='word_1_23' title='bbox 233 523 404 565; x_wconf 87' lang='lat' dir='ltr'><strong>omnino</strong></span> <span class='ocrx_word' id='word_1_24' title='bbox 431 530 642 580; x_wconf 83' lang='lat' dir='ltr'><strong>aequatum</strong></span> <span class='ocrx_word' id='word_1_25' title='bbox 670 524 805 576; x_wconf 87' lang='lat' dir='ltr'><strong>fuerit,</strong></span> <span class='ocrx_word' id='word_1_26' title='bbox 836 541 933 567; x_wconf 88' lang='lat' dir='ltr'><strong>mox</strong></span> <span class='ocrx_word' id='word_1_27' title='bbox 965 526 1133 582; x_wconf 89' lang='lat' dir='ltr'><strong>ejiciens</strong></span> <span class='ocrx_word' id='word_1_28' title='bbox 1166 527 1262 568; x_wconf 89' lang='lat' dir='ltr'><strong>inde</strong></span> <span class='ocrx_word' id='word_1_29' title='bbox 1294 527 1410 567; x_wconf 87' lang='lat' dir='ltr'><strong>mitte</strong></span> <span class='ocrx_word' id='word_1_30' title='bbox 1443 526 1485 567; x_wconf 90' lang='lat' dir='ltr'><strong>in</strong></span> <span class='ocrx_word' id='word_1_31' title='bbox 1518 526 1684 566; x_wconf 87' lang='lat' dir='ltr'><strong>furnum</strong></span> 
     </span>
     <span class='ocr_line' id='line_1_5' title="bbox 232 591 1684 649; baseline 0.001 -18"><span class='ocrx_word' id='word_1_32' title='bbox 232 591 429 647; x_wconf 83' lang='lat' dir='ltr'><strong>refrigerii</strong></span> <span class='ocrx_word' id='word_1_33' title='bbox 461 592 622 633; x_wconf 91' lang='lat' dir='ltr'><strong>modice</strong></span> <span class='ocrx_word' id='word_1_34' title='bbox 654 592 915 644; x_wconf 85' lang='lat' dir='ltr'><strong>calefactum,</strong></span> <span class='ocrx_word' id='word_1_35' title='bbox 948 594 1006 634; x_wconf 88' lang='lat' dir='ltr'><strong>sic</strong></span> <span class='ocrx_word' id='word_1_36' title='bbox 1039 600 1086 634; x_wconf 88' lang='lat' dir='ltr'><strong>ut</strong></span> <span class='ocrx_word' id='word_1_37' title='bbox 1118 609 1202 635; x_wconf 91' lang='lat' dir='ltr'><strong>non</strong></span> <span class='ocrx_word' id='word_1_38' title='bbox 1230 595 1384 649; x_wconf 87' lang='lat' dir='ltr'><strong>jaceat,</strong></span> <span class='ocrx_word' id='word_1_39' title='bbox 1416 594 1489 635; x_wconf 90' lang='lat' dir='ltr'><strong>sed</strong></span> <span class='ocrx_word' id='word_1_40' title='bbox 1521 598 1601 635; x_wconf 88' lang='lat' dir='ltr'><strong>stet</strong></span> <span class='ocrx_word' id='word_1_41' title='bbox 1631 592 1684 633; x_wconf 90' lang='lat' dir='ltr'><strong>ad</strong></span> 
     </span>
     <span class='ocr_line' id='line_1_6' title="bbox 232 658 1686 717; baseline 0.001 -19"><span class='ocrx_word' id='word_1_42' title='bbox 232 658 431 713; x_wconf 86' lang='lat' dir='ltr'><strong>parietem</strong></span> <span class='ocrx_word' id='word_1_43' title='bbox 459 660 548 714; x_wconf 87' lang='lat' dir='ltr'><strong>ejus</strong></span> <span class='ocrx_word' id='word_1_44' title='bbox 576 660 733 711; x_wconf 89' lang='lat' dir='ltr'><strong>tabula,</strong></span> <span class='ocrx_word' id='word_1_45' title='bbox 755 660 880 715; x_wconf 84' lang='lat' dir='ltr'><strong>juxta</strong></span> <span class='ocrx_word' id='word_1_46' title='bbox 901 675 1028 717; x_wconf 90' lang='lat' dir='ltr'><strong>quam</strong></span> <span class='ocrx_word' id='word_1_47' title='bbox 1054 666 1211 702; x_wconf 83' lang='lat' dir='ltr'><strong>statues</strong></span> <span class='ocrx_word' id='word_1_48' title='bbox 1240 667 1282 702; x_wconf 93' lang='lat' dir='ltr'><strong>et</strong></span> <span class='ocrx_word' id='word_1_49' title='bbox 1303 661 1427 702; x_wconf 90' lang='lat' dir='ltr'><strong>aliam</strong></span> <span class='ocrx_word' id='word_1_50' title='bbox 1448 661 1537 716; x_wconf 87' lang='lat' dir='ltr'><strong>pari</strong></span> <span class='ocrx_word' id='word_1_51' title='bbox 1559 659 1686 701; x_wconf 91' lang='lat' dir='ltr'><strong>modo</strong></span> 
     </span>
     <span class='ocr_line' id='line_1_7' title="bbox 231 727 1687 784; baseline 0.001 -18"><span class='ocrx_word' id='word_1_52' title='bbox 231 731 452 781; x_wconf 75' lang='lat' dir='ltr'><strong>aequatam,</strong></span> <span class='ocrx_word' id='word_1_53' title='bbox 480 741 528 768; x_wconf 88' lang='lat' dir='ltr'><strong>ac</strong></span> <span class='ocrx_word' id='word_1_54' title='bbox 561 727 723 768; x_wconf 83' lang='lat' dir='ltr'><strong>tertiam</strong></span> <span class='ocrx_word' id='word_1_55' title='bbox 757 734 799 768; x_wconf 91' lang='lat' dir='ltr'><strong>et</strong></span> <span class='ocrx_word' id='word_1_56' title='bbox 834 728 1012 784; x_wconf 86' lang='lat' dir='ltr'><strong>reliquas</strong></span> <span class='ocrx_word' id='word_1_57' title='bbox 1044 743 1203 770; x_wconf 90' lang='lat' dir='ltr'><strong>omnes.</strong></span> <span class='ocrx_word' id='word_1_58' title='bbox 1264 728 1371 777; x_wconf 78' lang='lat' dir='ltr'><strong>Quae</strong></span> <span class='ocrx_word' id='word_1_59' title='bbox 1401 743 1497 769; x_wconf 92' lang='lat' dir='ltr'><strong>cum</strong></span> <span class='ocrx_word' id='word_1_60' title='bbox 1527 727 1687 782; x_wconf 84' lang='lat' dir='ltr'><strong>frigidae</strong></span> 
     </span>
     <span class='ocr_line' id='line_1_8' title="bbox 233 793 1687 850; baseline 0.001 -17"><span class='ocrx_word' id='word_1_61' title='bbox 233 793 397 844; x_wconf 86' lang='lat' dir='ltr'><strong>fuerint,</strong></span> <span class='ocrx_word' id='word_1_62' title='bbox 426 800 541 835; x_wconf 90' lang='lat' dir='ltr'><strong>utere</strong></span> <span class='ocrx_word' id='word_1_63' title='bbox 570 795 627 835; x_wconf 90' lang='lat' dir='ltr'><strong>eis</strong></span> <span class='ocrx_word' id='word_1_64' title='bbox 659 795 701 835; x_wconf 92' lang='lat' dir='ltr'><strong>in</strong></span> <span class='ocrx_word' id='word_1_65' title='bbox 731 796 1033 850; x_wconf 85' lang='lat' dir='ltr'><strong>componendis</strong></span> <span class='ocrx_word' id='word_1_66' title='bbox 1061 796 1250 837; x_wconf 80' lang='lat' dir='ltr'><strong>fenestris</strong></span> <span class='ocrx_word' id='word_1_67' title='bbox 1278 795 1476 836; x_wconf 89' lang='lat' dir='ltr'><strong>findendo</strong></span> <span class='ocrx_word' id='word_1_68' title='bbox 1508 794 1687 850; x_wconf 91' lang='lat' dir='ltr'><strong>particu-</strong></span> 
     </span>
     <span class='ocr_line' id='line_1_9' title="bbox 231 859 752 916; baseline 0.008 -17"><span class='ocrx_word' id='word_1_69' title='bbox 231 859 347 900; x_wconf 87' lang='lat' dir='ltr'><strong>latim</strong></span> <span class='ocrx_word' id='word_1_70' title='bbox 370 861 544 916; x_wconf 84' lang='lat' dir='ltr'><strong>qualiter</strong></span> <span class='ocrx_word' id='word_1_71' title='bbox 564 862 752 903; x_wconf 87' lang='lat' dir='ltr'><strong>volueris.</strong></span> 
     </span>
    </p>
   </div>
   <div class='ocr_carea' id='block_1_3' title="bbox 741 1292 1182 1356">
    <p class='ocr_par' dir='ltr' id='par_1_3' title="bbox 741 1292 1182 1356">
     <span class='ocr_line' id='line_1_10' title="bbox 741 1292 1182 1356; baseline -0.007 0"><span class='ocrx_word' id='word_1_72' title='bbox 741 1292 1043 1356; x_wconf 88' lang='lat' dir='ltr'><strong>CAPUT</strong></span> <span class='ocrx_word' id='word_1_73' title='bbox 1109 1293 1182 1354; x_wconf 90' lang='lat' dir='ltr'><strong>X.</strong></span> 
     </span>
    </p>
   </div>
   <div class='ocr_carea' id='block_1_4' title="bbox 556 1442 1367 1475">
    <p class='ocr_par' dir='ltr' id='par_1_4' title="bbox 556 1442 1367 1475">
     <span class='ocr_line' id='line_1_11' title="bbox 556 1442 1367 1475; baseline -0.001 -5"><span class='ocrx_word' id='word_1_74' title='bbox 556 1442 779 1475; x_wconf 82' lang='lat' dir='ltr'>QUOMODO</span> <span class='ocrx_word' id='word_1_75' title='bbox 813 1442 948 1470; x_wconf 86' lang='lat' dir='ltr'>FIANT</span> <span class='ocrx_word' id='word_1_76' title='bbox 980 1442 1096 1470; x_wconf 87' lang='lat' dir='ltr'>VASA</span> <span class='ocrx_word' id='word_1_77' title='bbox 1128 1443 1188 1469; x_wconf 88' lang='lat' dir='ltr'><strong>DE</strong></span> <span class='ocrx_word' id='word_1_78' title='bbox 1219 1442 1367 1470; x_wconf 88' lang='lat' dir='ltr'>VITRO.</span> 
     </span>
    </p>
   </div>
   <div class='ocr_carea' id='block_1_5' title="bbox 232 1542 1689 2821">
    <p class='ocr_par' dir='ltr' id='par_1_5' title="bbox 232 1542 1689 2821">
     <span class='ocr_line' id='line_1_12' title="bbox 234 1542 1688 1642; baseline 0.001 -57"><span class='ocrx_word' id='word_1_79' title='bbox 234 1542 453 1642; x_wconf 86' lang='lat' dir='ltr'><strong>VASA</strong></span> <span class='ocrx_word' id='word_1_80' title='bbox 477 1558 576 1586; x_wconf 89' lang='lat' dir='ltr'><strong>vero</strong></span> <span class='ocrx_word' id='word_1_81' title='bbox 604 1544 790 1585; x_wconf 88' lang='lat' dir='ltr'><strong>facturus</strong></span> <span class='ocrx_word' id='word_1_82' title='bbox 820 1558 1025 1600; x_wconf 89' lang='lat' dir='ltr'><strong>compone</strong></span> <span class='ocrx_word' id='word_1_83' title='bbox 1045 1544 1195 1586; x_wconf 90' lang='lat' dir='ltr'><strong>vitrum</strong></span> <span class='ocrx_word' id='word_1_84' title='bbox 1219 1545 1362 1586; x_wconf 89' lang='lat' dir='ltr'><strong>ordine</strong></span> <span class='ocrx_word' id='word_1_85' title='bbox 1383 1559 1467 1601; x_wconf 89' lang='lat' dir='ltr'><strong>quo</strong></span> <span class='ocrx_word' id='word_1_86' title='bbox 1488 1559 1625 1601; x_wconf 87' lang='lat' dir='ltr'><strong>supra,</strong></span> <span class='ocrx_word' id='word_1_87' title='bbox 1647 1552 1688 1587; x_wconf 90' lang='lat' dir='ltr'><strong>et</strong></span> 
     </span>
     <span class='ocr_line' id='line_1_13' title="bbox 381 1611 1687 1669; baseline 0.002 -17"><span class='ocrx_word' id='word_1_88' title='bbox 381 1626 476 1653; x_wconf 89' lang='lat' dir='ltr'><strong>cum</strong></span> <span class='ocrx_word' id='word_1_89' title='bbox 507 1611 738 1653; x_wconf 88' lang='lat' dir='ltr'><strong>sufflaveris</strong></span> <span class='ocrx_word' id='word_1_90' title='bbox 769 1612 1002 1653; x_wconf 89' lang='lat' dir='ltr'><strong>secundum</strong></span> <span class='ocrx_word' id='word_1_91' title='bbox 1032 1612 1307 1669; x_wconf 81' lang='lat' dir='ltr'><strong>quantitatem</strong></span> <span class='ocrx_word' id='word_1_92' title='bbox 1337 1627 1467 1669; x_wconf 87' lang='lat' dir='ltr'><strong>quam</strong></span> <span class='ocrx_word' id='word_1_93' title='bbox 1496 1614 1687 1665; x_wconf 85' lang='lat' dir='ltr'><strong>volueris,</strong></span> 
     </span>
     <span class='ocr_line' id='line_1_14' title="bbox 234 1679 1689 1736; baseline 0.001 -14"><span class='ocrx_word' id='word_1_94' title='bbox 234 1696 318 1722; x_wconf 90' lang='lat' dir='ltr'><strong>non</strong></span> <span class='ocrx_word' id='word_1_95' title='bbox 338 1679 465 1722; x_wconf 87' lang='lat' dir='ltr'><strong>facies</strong></span> <span class='ocrx_word' id='word_1_96' title='bbox 492 1679 680 1721; x_wconf 89' lang='lat' dir='ltr'><strong>foramen</strong></span> <span class='ocrx_word' id='word_1_97' title='bbox 708 1680 751 1720; x_wconf 90' lang='lat' dir='ltr'><strong>in</strong></span> <span class='ocrx_word' id='word_1_98' title='bbox 779 1680 909 1721; x_wconf 90' lang='lat' dir='ltr'><strong>fundo</strong></span> <span class='ocrx_word' id='word_1_99' title='bbox 937 1680 1045 1721; x_wconf 88' lang='lat' dir='ltr'><strong>sicut</strong></span> <span class='ocrx_word' id='word_1_100' title='bbox 1071 1681 1270 1736; x_wconf 89' lang='lat' dir='ltr'><strong>superius,</strong></span> <span class='ocrx_word' id='word_1_101' title='bbox 1291 1681 1365 1722; x_wconf 89' lang='lat' dir='ltr'><strong>sed</strong></span> <span class='ocrx_word' id='word_1_102' title='bbox 1392 1681 1600 1736; x_wconf 87' lang='lat' dir='ltr'><strong>integrum</strong></span> <span class='ocrx_word' id='word_1_103' title='bbox 1628 1682 1689 1723; x_wconf 88' lang='lat' dir='ltr'><strong>ita</strong></span> 
     </span>
     <span class='ocr_line' id='line_1_15' title="bbox 233 1747 1688 1805; baseline 0 -15"><span class='ocrx_word' id='word_1_104' title='bbox 233 1747 447 1805; x_wconf 83' lang='lat' dir='ltr'><strong>separabis</strong></span> <span class='ocrx_word' id='word_1_105' title='bbox 478 1762 502 1789; x_wconf 91' lang='lat' dir='ltr'><strong>a</strong></span> <span class='ocrx_word' id='word_1_106' title='bbox 533 1748 671 1789; x_wconf 88' lang='lat' dir='ltr'><strong>fistula</strong></span> <span class='ocrx_word' id='word_1_107' title='bbox 701 1762 798 1790; x_wconf 89' lang='lat' dir='ltr'><strong>cum</strong></span> <span class='ocrx_word' id='word_1_108' title='bbox 828 1748 943 1805; x_wconf 84' lang='lat' dir='ltr'><strong>ligno</strong></span> <span class='ocrx_word' id='word_1_109' title='bbox 974 1762 1094 1805; x_wconf 89' lang='lat' dir='ltr'><strong>aquae</strong></span> <span class='ocrx_word' id='word_1_110' title='bbox 1126 1748 1314 1800; x_wconf 90' lang='lat' dir='ltr'><strong>intincto,</strong></span> <span class='ocrx_word' id='word_1_111' title='bbox 1344 1763 1472 1805; x_wconf 85' lang='lat' dir='ltr'><strong>quam</strong></span> <span class='ocrx_word' id='word_1_112' title='bbox 1504 1749 1688 1790; x_wconf 87' lang='lat' dir='ltr'><strong>fistulam</strong></span> 
     </span>
     <span class='ocr_line' id='line_1_16' title="bbox 233 1815 1688 1872; baseline 0.001 -15"><span class='ocrx_word' id='word_1_113' title='bbox 233 1831 333 1857; x_wconf 86' lang='lat' dir='ltr'><strong>mox</strong></span> <span class='ocrx_word' id='word_1_114' title='bbox 355 1815 600 1857; x_wconf 86' lang='lat' dir='ltr'><strong>calefactam</strong></span> <span class='ocrx_word' id='word_1_115' title='bbox 625 1815 835 1858; x_wconf 85' lang='lat' dir='ltr'><strong>adhaerere</strong></span> <span class='ocrx_word' id='word_1_116' title='bbox 855 1816 982 1858; x_wconf 87' lang='lat' dir='ltr'><strong>facies</strong></span> <span class='ocrx_word' id='word_1_117' title='bbox 1002 1816 1045 1857; x_wconf 91' lang='lat' dir='ltr'><strong>in</strong></span> <span class='ocrx_word' id='word_1_118' title='bbox 1065 1816 1156 1872; x_wconf 90' lang='lat' dir='ltr'><strong>ipso</strong></span> <span class='ocrx_word' id='word_1_119' title='bbox 1178 1816 1324 1858; x_wconf 90' lang='lat' dir='ltr'><strong>fundo.</strong></span> <span class='ocrx_word' id='word_1_120' title='bbox 1386 1816 1569 1858; x_wconf 88' lang='lat' dir='ltr'><strong>Elevans</strong></span> <span class='ocrx_word' id='word_1_121' title='bbox 1591 1832 1688 1859; x_wconf 87' lang='lat' dir='ltr'><strong>vero</strong></span> 
     </span>
     <span class='ocr_line' id='line_1_17' title="bbox 233 1883 1689 1940; baseline 0.002 -16"><span class='ocrx_word' id='word_1_122' title='bbox 233 1898 322 1936; x_wconf 90' lang='lat' dir='ltr'><strong>vas,</strong></span> <span class='ocrx_word' id='word_1_123' title='bbox 343 1883 561 1925; x_wconf 82' lang='lat' dir='ltr'><strong>calefacies</strong></span> <span class='ocrx_word' id='word_1_124' title='bbox 582 1884 625 1924; x_wconf 91' lang='lat' dir='ltr'><strong>in</strong></span> <span class='ocrx_word' id='word_1_125' title='bbox 645 1883 830 1936; x_wconf 88' lang='lat' dir='ltr'><strong>flamma,</strong></span> <span class='ocrx_word' id='word_1_126' title='bbox 852 1889 894 1925; x_wconf 90' lang='lat' dir='ltr'><strong>et</strong></span> <span class='ocrx_word' id='word_1_127' title='bbox 914 1898 1011 1925; x_wconf 88' lang='lat' dir='ltr'><strong>cum</strong></span> <span class='ocrx_word' id='word_1_128' title='bbox 1032 1884 1145 1940; x_wconf 85' lang='lat' dir='ltr'><strong>ligno</strong></span> <span class='ocrx_word' id='word_1_129' title='bbox 1166 1884 1345 1925; x_wconf 90' lang='lat' dir='ltr'><strong>rotundo</strong></span> <span class='ocrx_word' id='word_1_130' title='bbox 1367 1884 1560 1926; x_wconf 85' lang='lat' dir='ltr'><strong>dilatabis</strong></span> <span class='ocrx_word' id='word_1_131' title='bbox 1581 1885 1689 1927; x_wconf 90' lang='lat' dir='ltr'><strong>fora-</strong></span> 
     </span>
     <span class='ocr_line' id='line_1_18' title="bbox 234 1951 1688 2008; baseline 0.001 -16"><span class='ocrx_word' id='word_1_132' title='bbox 234 1966 331 1993; x_wconf 89' lang='lat' dir='ltr'><strong>men</strong></span> <span class='ocrx_word' id='word_1_133' title='bbox 364 1951 466 1993; x_wconf 91' lang='lat' dir='ltr'><strong>illud</strong></span> <span class='ocrx_word' id='word_1_134' title='bbox 497 1951 610 1993; x_wconf 89' lang='lat' dir='ltr'><strong>unde</strong></span> <span class='ocrx_word' id='word_1_135' title='bbox 639 1951 837 1995; x_wconf 85' lang='lat' dir='ltr'><strong>fistulam¹</strong></span> <span class='ocrx_word' id='word_1_136' title='bbox 876 1952 1106 1994; x_wconf 86' lang='lat' dir='ltr'><strong>secundum</strong></span> <span class='ocrx_word' id='word_1_137' title='bbox 1141 1951 1283 1993; x_wconf 90' lang='lat' dir='ltr'><strong>libitus</strong></span> <span class='ocrx_word' id='word_1_138' title='bbox 1314 1957 1423 2003; x_wconf 85' lang='lat' dir='ltr'><strong>tuos,</strong></span> <span class='ocrx_word' id='word_1_139' title='bbox 1456 1952 1688 2008; x_wconf 88' lang='lat' dir='ltr'><strong>amplifica-</strong></span> 
     </span>
     <span class='ocr_line' id='line_1_19' title="bbox 232 2018 1689 2076; baseline 0.001 -15"><span class='ocrx_word' id='word_1_140' title='bbox 232 2019 381 2076; x_wconf 92' lang='lat' dir='ltr'><strong>bisque</strong></span> <span class='ocrx_word' id='word_1_141' title='bbox 401 2019 511 2061; x_wconf 88' lang='lat' dir='ltr'><strong>circa</strong></span> <span class='ocrx_word' id='word_1_142' title='bbox 531 2019 716 2061; x_wconf 83' lang='lat' dir='ltr'><strong>fistulam</strong></span> <span class='ocrx_word' id='word_1_143' title='bbox 737 2019 915 2061; x_wconf 88' lang='lat' dir='ltr'><strong>fundum</strong></span> <span class='ocrx_word' id='word_1_144' title='bbox 937 2026 983 2061; x_wconf 94' lang='lat' dir='ltr'><strong>ut</strong></span> <span class='ocrx_word' id='word_1_145' title='bbox 1006 2019 1176 2060; x_wconf 90' lang='lat' dir='ltr'><strong>inferius</strong></span> <span class='ocrx_word' id='word_1_146' title='bbox 1204 2034 1354 2061; x_wconf 91' lang='lat' dir='ltr'><strong>cavum</strong></span> <span class='ocrx_word' id='word_1_147' title='bbox 1382 2020 1447 2060; x_wconf 88' lang='lat' dir='ltr'><strong>sit.</strong></span> <span class='ocrx_word' id='word_1_148' title='bbox 1508 2018 1636 2068; x_wconf 85' lang='lat' dir='ltr'><strong>Quod</strong></span> <span class='ocrx_word' id='word_1_149' title='bbox 1654 2021 1689 2062; x_wconf 89' lang='lat' dir='ltr'><strong>si</strong></span> 
     </span>
     <span class='ocr_line' id='line_1_20' title="bbox 233 2086 1689 2144; baseline 0.001 -16"><span class='ocrx_word' id='word_1_150' title='bbox 233 2086 411 2128; x_wconf 90' lang='lat' dir='ltr'><strong>volueris</strong></span> <span class='ocrx_word' id='word_1_151' title='bbox 447 2101 571 2128; x_wconf 88' lang='lat' dir='ltr'><strong>ansas</strong></span> <span class='ocrx_word' id='word_1_152' title='bbox 606 2087 650 2128; x_wconf 93' lang='lat' dir='ltr'><strong>in</strong></span> <span class='ocrx_word' id='word_1_153' title='bbox 684 2102 734 2129; x_wconf 92' lang='lat' dir='ltr'><strong>eo</strong></span> <span class='ocrx_word' id='word_1_154' title='bbox 770 2087 919 2139; x_wconf 87' lang='lat' dir='ltr'><strong>facere,</strong></span> <span class='ocrx_word' id='word_1_155' title='bbox 955 2087 1107 2144; x_wconf 89' lang='lat' dir='ltr'><strong>quibus</strong></span> <span class='ocrx_word' id='word_1_156' title='bbox 1142 2087 1274 2143; x_wconf 86' lang='lat' dir='ltr'><strong>possit</strong></span> <span class='ocrx_word' id='word_1_157' title='bbox 1312 2087 1508 2144; x_wconf 86' lang='lat' dir='ltr'><strong>pendere,</strong></span> <span class='ocrx_word' id='word_1_158' title='bbox 1546 2088 1689 2144; x_wconf 86' lang='lat' dir='ltr'><strong>accipe</strong></span> 
     </span>
     <span class='ocr_line' id='line_1_21' title="bbox 233 2154 1689 2211; baseline 0 -15"><span class='ocrx_word' id='word_1_159' title='bbox 233 2154 387 2211; x_wconf 82' lang='lat' dir='ltr'><strong>gracile</strong></span> <span class='ocrx_word' id='word_1_160' title='bbox 403 2154 570 2206; x_wconf 84' lang='lat' dir='ltr'><strong>ferrum,</strong></span> <span class='ocrx_word' id='word_1_161' title='bbox 592 2161 635 2196; x_wconf 90' lang='lat' dir='ltr'><strong>et</strong></span> <span class='ocrx_word' id='word_1_162' title='bbox 654 2154 824 2196; x_wconf 89' lang='lat' dir='ltr'><strong>mittens</strong></span> <span class='ocrx_word' id='word_1_163' title='bbox 840 2154 942 2196; x_wconf 91' lang='lat' dir='ltr'><strong>illud</strong></span> <span class='ocrx_word' id='word_1_164' title='bbox 960 2161 1248 2197; x_wconf 89' lang='lat' dir='ltr'><strong>summotenus</strong></span> <span class='ocrx_word' id='word_1_165' title='bbox 1268 2155 1311 2196; x_wconf 91' lang='lat' dir='ltr'><strong>in</strong></span> <span class='ocrx_word' id='word_1_166' title='bbox 1326 2169 1401 2197; x_wconf 89' lang='lat' dir='ltr'><strong>vas</strong></span> <span class='ocrx_word' id='word_1_167' title='bbox 1417 2154 1523 2206; x_wconf 89' lang='lat' dir='ltr'><strong>vitri,</strong></span> <span class='ocrx_word' id='word_1_168' title='bbox 1539 2169 1634 2196; x_wconf 90' lang='lat' dir='ltr'><strong>cum</strong></span> <span class='ocrx_word' id='word_1_169' title='bbox 1652 2156 1689 2197; x_wconf 89' lang='lat' dir='ltr'><strong>ei</strong></span> 
     </span>
     <span class='ocr_line' id='line_1_22' title="bbox 233 2222 1688 2279; baseline 0.001 -16"><span class='ocrx_word' id='word_1_170' title='bbox 233 2222 446 2264; x_wconf 92' lang='lat' dir='ltr'><strong>modicum</strong></span> <span class='ocrx_word' id='word_1_171' title='bbox 481 2222 716 2275; x_wconf 80' lang='lat' dir='ltr'><strong>adhaeserit,</strong></span> <span class='ocrx_word' id='word_1_172' title='bbox 746 2222 939 2264; x_wconf 89' lang='lat' dir='ltr'><strong>auferens</strong></span> <span class='ocrx_word' id='word_1_173' title='bbox 969 2238 1079 2279; x_wconf 89' lang='lat' dir='ltr'><strong>pone</strong></span> <span class='ocrx_word' id='word_1_174' title='bbox 1115 2237 1241 2279; x_wconf 90' lang='lat' dir='ltr'><strong>super</strong></span> <span class='ocrx_word' id='word_1_175' title='bbox 1271 2237 1358 2274; x_wconf 83' lang='lat' dir='ltr'><strong>vas,</strong></span> <span class='ocrx_word' id='word_1_176' title='bbox 1393 2222 1437 2263; x_wconf 92' lang='lat' dir='ltr'><strong>in</strong></span> <span class='ocrx_word' id='word_1_177' title='bbox 1471 2237 1557 2278; x_wconf 91' lang='lat' dir='ltr'><strong>quo</strong></span> <span class='ocrx_word' id='word_1_178' title='bbox 1593 2223 1688 2265; x_wconf 91' lang='lat' dir='ltr'><strong>loco</strong></span> 
     </span>
     <span class='ocr_line' id='line_1_23' title="bbox 233 2289 1687 2345; baseline 0.001 -15"><span class='ocrx_word' id='word_1_179' title='bbox 233 2289 447 2345; x_wconf 87' lang='lat' dir='ltr'><strong>placuerit,</strong></span> <span class='ocrx_word' id='word_1_180' title='bbox 484 2295 526 2332; x_wconf 89' lang='lat' dir='ltr'><strong>et</strong></span> <span class='ocrx_word' id='word_1_181' title='bbox 559 2304 655 2332; x_wconf 87' lang='lat' dir='ltr'><strong>cum</strong></span> <span class='ocrx_word' id='word_1_182' title='bbox 696 2290 928 2342; x_wconf 82' lang='lat' dir='ltr'><strong>adhaeserit,</strong></span> <span class='ocrx_word' id='word_1_183' title='bbox 964 2290 1183 2332; x_wconf 89' lang='lat' dir='ltr'><strong>calefacies</strong></span> <span class='ocrx_word' id='word_1_184' title='bbox 1222 2295 1269 2331; x_wconf 89' lang='lat' dir='ltr'><strong>ut</strong></span> <span class='ocrx_word' id='word_1_185' title='bbox 1307 2289 1480 2331; x_wconf 90' lang='lat' dir='ltr'><strong>firmiter</strong></span> <span class='ocrx_word' id='word_1_186' title='bbox 1519 2289 1687 2331; x_wconf 84' lang='lat' dir='ltr'><strong>haereat.</strong></span> 
     </span>
     <span class='ocr_line' id='line_1_24' title="bbox 236 2357 1688 2414; baseline 0 -16"><span class='ocrx_word' id='word_1_187' title='bbox 236 2357 321 2399; x_wconf 90' lang='lat' dir='ltr'><strong>Fac</strong></span> <span class='ocrx_word' id='word_1_188' title='bbox 351 2372 403 2400; x_wconf 90' lang='lat' dir='ltr'><strong>ex</strong></span> <span class='ocrx_word' id='word_1_189' title='bbox 433 2358 498 2399; x_wconf 93' lang='lat' dir='ltr'><strong>his</strong></span> <span class='ocrx_word' id='word_1_190' title='bbox 529 2358 641 2399; x_wconf 87' lang='lat' dir='ltr'><strong>ansis</strong></span> <span class='ocrx_word' id='word_1_191' title='bbox 669 2358 784 2414; x_wconf 92' lang='lat' dir='ltr'><strong>quod</strong></span> <span class='ocrx_word' id='word_1_192' title='bbox 811 2358 924 2409; x_wconf 88' lang='lat' dir='ltr'><strong>velis,</strong></span> <span class='ocrx_word' id='word_1_193' title='bbox 952 2358 1115 2399; x_wconf 88' lang='lat' dir='ltr'><strong>interim</strong></span> <span class='ocrx_word' id='word_1_194' title='bbox 1144 2364 1291 2399; x_wconf 90' lang='lat' dir='ltr'><strong>tenens</strong></span> <span class='ocrx_word' id='word_1_195' title='bbox 1318 2371 1393 2398; x_wconf 89' lang='lat' dir='ltr'><strong>vas</strong></span> <span class='ocrx_word' id='word_1_196' title='bbox 1418 2357 1541 2413; x_wconf 87' lang='lat' dir='ltr'><strong>juxta</strong></span> <span class='ocrx_word' id='word_1_197' title='bbox 1566 2357 1688 2399; x_wconf 91' lang='lat' dir='ltr'><strong>flam-</strong></span> 
     </span>
     <span class='ocr_line' id='line_1_25' title="bbox 234 2424 1686 2482; baseline -0.001 -15"><span class='ocrx_word' id='word_1_198' title='bbox 234 2440 347 2466; x_wconf 90' lang='lat' dir='ltr'><strong>mam</strong></span> <span class='ocrx_word' id='word_1_199' title='bbox 386 2431 433 2467; x_wconf 93' lang='lat' dir='ltr'><strong>ut</strong></span> <span class='ocrx_word' id='word_1_200' title='bbox 476 2426 657 2467; x_wconf 90' lang='lat' dir='ltr'><strong>calidum</strong></span> <span class='ocrx_word' id='word_1_201' title='bbox 704 2426 758 2467; x_wconf 89' lang='lat' dir='ltr'><strong>sit</strong></span> <span class='ocrx_word' id='word_1_202' title='bbox 802 2440 880 2467; x_wconf 91' lang='lat' dir='ltr'><strong>nec</strong></span> <span class='ocrx_word' id='word_1_203' title='bbox 926 2431 1068 2467; x_wconf 89' lang='lat' dir='ltr'><strong>tamen</strong></span> <span class='ocrx_word' id='word_1_204' title='bbox 1114 2426 1329 2482; x_wconf 90' lang='lat' dir='ltr'><strong>liquescat.</strong></span> <span class='ocrx_word' id='word_1_205' title='bbox 1389 2424 1520 2466; x_wconf 86' lang='lat' dir='ltr'><strong>Aufer</strong></span> <span class='ocrx_word' id='word_1_206' title='bbox 1559 2425 1686 2466; x_wconf 90' lang='lat' dir='ltr'><strong>etiam</strong></span> 
     </span>
     <span class='ocr_line' id='line_1_26' title="bbox 234 2486 1687 2549; baseline -0.001 -15"><span class='ocrx_word' id='word_1_207' title='bbox 234 2493 446 2534; x_wconf 91' lang='lat' dir='ltr'><strong>modicum</strong></span> <span class='ocrx_word' id='word_1_208' title='bbox 467 2493 559 2535; x_wconf 91' lang='lat' dir='ltr'><strong>vitri</strong></span> <span class='ocrx_word' id='word_1_209' title='bbox 580 2508 605 2535; x_wconf 90' lang='lat' dir='ltr'><strong>a</strong></span> <span class='ocrx_word' id='word_1_210' title='bbox 625 2486 747 2535; x_wconf 87' lang='lat' dir='ltr'><strong>furno</strong></span> <span class='ocrx_word' id='word_1_211' title='bbox 768 2494 826 2535; x_wconf 87' lang='lat' dir='ltr'><strong>ita</strong></span> <span class='ocrx_word' id='word_1_212' title='bbox 847 2499 892 2534; x_wconf 94' lang='lat' dir='ltr'><strong>ut</strong></span> <span class='ocrx_word' id='word_1_213' title='bbox 911 2493 1027 2534; x_wconf 91' lang='lat' dir='ltr'><strong>filum</strong></span> <span class='ocrx_word' id='word_1_214' title='bbox 1048 2499 1143 2549; x_wconf 92' lang='lat' dir='ltr'><strong>post</strong></span> <span class='ocrx_word' id='word_1_215' title='bbox 1167 2507 1211 2534; x_wconf 90' lang='lat' dir='ltr'><strong>se</strong></span> <span class='ocrx_word' id='word_1_216' title='bbox 1231 2492 1383 2543; x_wconf 90' lang='lat' dir='ltr'><strong>trahat,</strong></span> <span class='ocrx_word' id='word_1_217' title='bbox 1405 2497 1447 2533; x_wconf 92' lang='lat' dir='ltr'><strong>et</strong></span> <span class='ocrx_word' id='word_1_218' title='bbox 1470 2492 1687 2548; x_wconf 87' lang='lat' dir='ltr'><strong>adponens</strong></span> 
     </span>
     <span class='ocr_line' id='line_1_27' title="bbox 235 2559 1688 2617; baseline 0.001 -16"><span class='ocrx_word' id='word_1_219' title='bbox 235 2560 322 2601; x_wconf 88' lang='lat' dir='ltr'><strong>vasi</strong></span> <span class='ocrx_word' id='word_1_220' title='bbox 358 2561 399 2601; x_wconf 87' lang='lat' dir='ltr'><strong>iu</strong></span> <span class='ocrx_word' id='word_1_221' title='bbox 435 2576 518 2617; x_wconf 90' lang='lat' dir='ltr'><strong>quo</strong></span> <span class='ocrx_word' id='word_1_222' title='bbox 559 2562 650 2603; x_wconf 91' lang='lat' dir='ltr'><strong>loco</strong></span> <span class='ocrx_word' id='word_1_223' title='bbox 688 2561 879 2614; x_wconf 88' lang='lat' dir='ltr'><strong>volueris,</strong></span> <span class='ocrx_word' id='word_1_224' title='bbox 913 2561 1190 2602; x_wconf 87' lang='lat' dir='ltr'><strong>circumvolve</strong></span> <span class='ocrx_word' id='word_1_225' title='bbox 1223 2561 1346 2617; x_wconf 87' lang='lat' dir='ltr'><strong>juxta</strong></span> <span class='ocrx_word' id='word_1_226' title='bbox 1386 2559 1601 2601; x_wconf 89' lang='lat' dir='ltr'><strong>flammam</strong></span> <span class='ocrx_word' id='word_1_227' title='bbox 1641 2568 1688 2602; x_wconf 95' lang='lat' dir='ltr'><strong>ut</strong></span> 
     </span>
     <span class='ocr_line' id='line_1_28' title="bbox 234 2628 1687 2679; baseline 0.001 -11"><span class='ocrx_word' id='word_1_228' title='bbox 234 2628 455 2670; x_wconf 85' lang='lat' dir='ltr'><strong>adhaereat.</strong></span> <span class='ocrx_word' id='word_1_229' title='bbox 529 2629 626 2679; x_wconf 89' lang='lat' dir='ltr'><strong>Quo</strong></span> <span class='ocrx_word' id='word_1_230' title='bbox 667 2630 778 2671; x_wconf 88' lang='lat' dir='ltr'><strong>facto</strong></span> <span class='ocrx_word' id='word_1_231' title='bbox 819 2628 1049 2670; x_wconf 89' lang='lat' dir='ltr'><strong>secundum</strong></span> <span class='ocrx_word' id='word_1_232' title='bbox 1090 2628 1433 2670; x_wconf 86' lang='lat' dir='ltr'><strong>consuetudinem</strong></span> <span class='ocrx_word' id='word_1_233' title='bbox 1473 2629 1687 2670; x_wconf 86' lang='lat' dir='ltr'><strong>amovebis</strong></span> 
     </span>
     <span class='ocr_line' id='line_1_29' title="bbox 236 2694 1687 2751; baseline 0.001 -15"><span class='ocrx_word' id='word_1_234' title='bbox 236 2697 429 2748; x_wconf 85' lang='lat' dir='ltr'><strong>fistulam,</strong></span> <span class='ocrx_word' id='word_1_235' title='bbox 460 2698 630 2739; x_wconf 86' lang='lat' dir='ltr'><strong>mittens</strong></span> <span class='ocrx_word' id='word_1_236' title='bbox 661 2712 734 2738; x_wconf 91' lang='lat' dir='ltr'><strong>vas</strong></span> <span class='ocrx_word' id='word_1_237' title='bbox 765 2697 805 2737; x_wconf 87' lang='lat' dir='ltr'><strong>in</strong></span> <span class='ocrx_word' id='word_1_238' title='bbox 837 2696 1003 2737; x_wconf 87' lang='lat' dir='ltr'><strong>furnum</strong></span> <span class='ocrx_word' id='word_1_239' title='bbox 1034 2695 1232 2751; x_wconf 87' lang='lat' dir='ltr'><strong>refrigerii</strong></span> <span class='ocrx_word' id='word_1_240' title='bbox 1249 2712 1259 2747; x_wconf 92' lang='lat'>;</span> <span class='ocrx_word' id='word_1_241' title='bbox 1292 2700 1419 2751; x_wconf 89' lang='lat' dir='ltr'><strong>atque</strong></span> <span class='ocrx_word' id='word_1_242' title='bbox 1448 2694 1528 2736; x_wconf 90' lang='lat' dir='ltr'><strong>hoc</strong></span> <span class='ocrx_word' id='word_1_243' title='bbox 1561 2696 1687 2737; x_wconf 90' lang='lat' dir='ltr'><strong>modo</strong></span> 
     </span>
     <span class='ocr_line' id='line_1_30' title="bbox 235 2764 844 2821; baseline 0.002 -17"><span class='ocrx_word' id='word_1_244' title='bbox 235 2764 484 2819; x_wconf 87' lang='lat' dir='ltr'><strong>operaberis,</strong></span> <span class='ocrx_word' id='word_1_245' title='bbox 507 2771 710 2821; x_wconf 89' lang='lat' dir='ltr'><strong>quantum</strong></span> <span class='ocrx_word' id='word_1_246' title='bbox 733 2765 844 2806; x_wconf 85' lang='lat' dir='ltr'><strong>velis.</strong></span> 
     </span>
    </p>
   </div>
   <div class='ocr_carea' id='block_1_6' title="bbox 719 2900 1195 2942">
    <p class='ocr_par' dir='ltr' id='par_1_6' title="bbox 719 2900 1195 2942">
     <span class='ocr_line' id='line_1_31' title="bbox 719 2900 1195 2942; baseline -0.004 -9"><span class='ocrx_word' id='word_1_247' title='bbox 719 2901 726 2919; x_wconf 88' lang='lat'><strong>¹</strong></span> <span class='ocrx_word' id='word_1_248' title='bbox 753 2900 956 2941; x_wconf 75' lang='lat' dir='ltr'><strong>“separasti,&#39;’</strong></span> <span class='ocrx_word' id='word_1_249' title='bbox 974 2901 1006 2932; x_wconf 82' lang='lat'><strong>0.</strong></span> <span class='ocrx_word' id='word_1_250' title='bbox 1032 2901 1195 2942; x_wconf 64' lang='lat' dir='ltr'><strong>Guaelpher.</strong></span> 
     </span>
    </p>
   </div>
   <div class='ocr_carea' id='block_1_7' title="bbox 1935 564 1970 2645">
    <p class='ocr_par' dir='ltr' id='par_1_7' title="bbox 1935 564 1970 2645">
     <span class='ocr_line' id='line_1_32' title="bbox 1935 564 1970 2645; baseline 0 0"><span class='ocrx_word' id='word_1_251' title='bbox 1935 564 1970 2645; x_wconf 95' lang='lat' dir='ltr'><strong> </strong></span> 
     </span>
    </p>
   </div>
  </div>
 </body>
</html>
