1970 3202
187 233 272 273 218
638 248 889 275 THEOPfflLl
921 247 1058 275 LmER
1090 248 1160 275 111.

643 410 949 472 CAPUT
1027 410 1149 472 XI.

646 565 707 592 DE
738 566 896 592 FERRIS
927 566 1166 594 FOSSORIIS.

189 663 436 762 FIUNT
468 677 635 719 quoque
667 663 761 703 ferri
797 662 961 703 fossorii
1001 662 1055 703 ad
1095 662 1336 703 fodiendum
1371 662 1453 703 hoc
1494 661 1635 702 modo.

190 758 199 762 -
317 731 384 772 Fit
405 731 557 772 ferrum
585 744 638 771 ex
666 730 798 771 calibe
826 744 944 785 puro,
969 729 1228 785 longitudine
1248 729 1418 786 majoris
1438 729 1571 784 digiti,
1593 735 1635 770 et

184 813 376 855 grossum
406 805 453 838 ut
483 798 655 848 festuca,
686 797 729 837 in
755 797 893 838 medio
913 811 1010 837 vero
1037 797 1235 852 grossius,
1254 802 1296 839 et
1315 803 1379 838 est
1399 797 1605 853 quadrum
1619 813 1630 847 3

185 881 267 907 una
288 866 421 907 cauda
442 865 608 920 ponitur
627 865 669 904 in
691 863 969 915 manubrium,
990 870 1031 904 et
1057 865 1187 906 altera
1209 864 1448 906 summitate
1467 864 1636 904 limatur

109 975 116 979 ,
184 948 268 973 una
288 939 418 982 costa,
439 947 532 988 quae
552 938 616 973 est
643 931 841 987 superior,
869 947 1002 987 usque
1029 932 1082 972 ad
1105 932 1354 983 inferiorem,
1375 932 1448 973 sed
1469 931 1636 973 inferior

184 1008 248 1041 est
266 1000 442 1055 longior,
463 1014 558 1055 quae
587 1000 730 1040 limata
750 999 915 1055 gracilis
942 1005 1006 1040 est
1028 999 1071 1039 in
1092 999 1286 1054 cuspide;
1318 998 1432 1055 quod
1454 998 1635 1039 calidum

183 1073 437 1122 temperatur
456 1066 499 1106 in
519 1081 643 1123 aqua„
703 1067 771 1107 Ad
802 1067 911 1108 hanc
941 1067 1122 1122 speciem
1154 1068 1261 1108 fiunt
1289 1068 1427 1123 plures
1455 1066 1635 1122 majores

184 1143 225 1176 et
249 1135 442 1175 minores.
504 1134 573 1174 Fit
601 1142 643 1175 et
673 1134 783 1175 aliud
815 1134 960 1175 similis
990 1134 1211 1191 quadrum,
1243 1135 1316 1176 sed
1347 1140 1411 1175 est
1439 1134 1563 1175 latius
1594 1140 1636 1174 et

183 1207 323 1252 tenue,
355 1202 472 1258 cujus
503 1216 681 1243 acumen
711 1202 765 1242 sit
794 1202 837 1242 in
867 1202 958 1257 ipsa
987 1202 1217 1254 latitudine,
1248 1202 1306 1243 ita
1328 1208 1374 1243 ut
1393 1201 1488 1242 duae
1508 1207 1636 1242 costae

185 1268 268 1309 sint
290 1269 478 1324 superius
500 1275 541 1310 et
561 1269 654 1310 duae
674 1268 845 1310 inferius
870 1268 1078 1325 longiOres
1100 1277 1142 1311 et
1162 1271 1355 1326 aequales.
1415 1269 1511 1310 Hoc
1532 1284 1636 1325 quo-

185 1351 267 1392 que
288 1337 415 1378 modo
437 1338 542 1378 fiunt
562 1338 699 1393 plures
720 1337 837 1392 parvi
867 1344 909 1377 et
938 1337 1095 1393 magni.
1160 1336 1228 1377 Fit
1248 1337 1371 1378 etiam
1394 1336 1548 1377 ferrum
1568 1350 1635 1376 ro-

184 1406 360 1446 tundum
382 1412 424 1446 et
444 1420 636 1461 grossum
658 1405 765 1446 sicut
794 1405 968 1457 festuca,
999 1406 1117 1460 cujus
1147 1405 1286 1460 cuspis
1310 1405 1369 1446 ita
1389 1404 1569 1454 limatur,
1590 1408 1637 1443 ut

187 1478 358 1525 tractus,
380 1487 504 1529 quem
527 1472 641 1524 facit,
663 1473 717 1513 sit
736 1473 953 1513 rotundus.

635 1728 939 1791 CAPUT
1014 1728 1182 1790 XII.

659 1868 718 1894 DE
749 1868 907 1895 FERRIS
939 1867 1158 1895 RASORHS.

187 1961 396 2061 FIUN
400 1964 435 2004 T
456 1965 580 2006 etiam
602 1966 697 2006 ferri
717 1966 862 2007 rasorii
878 1965 1065 2021 graciles,
1083 1965 1156 2005 sed
1173 1965 1216 2005 in
1231 1965 1314 2005 fine
1334 1964 1635 2020 aliquantulum

314 2031 494 2084 latiores,
515 2047 599 2074 una
629 2040 747 2089 parte
775 2033 899 2085 acuti,
927 2033 1044 2089 parvi
1065 2039 1107 2074 et
1130 2032 1289 2088 magni,
1310 2047 1487 2089 quorum
1508 2032 1635 2089 aliqui

184 2100 291 2139 fiunt
326 2100 497 2151 recurvi,
536 2116 611 2156 pro
653 2101 770 2143 libitu
814 2101 1043 2142 secundum
1084 2100 1258 2141 modum
1298 2099 1446 2156 operis.
1508 2099 1636 2141 Fiunt

184 2166 310 2207 etiam
346 2167 438 2208 ferri
476 2169 624 2210 eodem
659 2169 784 2210 modo
821 2168 1001 2220 formati,
1037 2168 1110 2209 sed
1141 2168 1279 2210 obtusi
1309 2168 1362 2208 ad
1393 2168 1635 2223 poliendum

185 2248 304 2288 opus.

597 2445 900 2509 CAPUT
975 2446 1191 2509 XIII.

465 2593 526 2620 DE
557 2593 715 2621 FERRIS
746 2593 809 2620 AD
842 2593 1038 2621 DUCTILE
1069 2593 1181 2621 OPUS
1211 2594 1353 2622 APTIS.

187 2689 396 2788 FIUN
401 2690 435 2730 T
474 2705 642 2748 quoque
682 2692 777 2732 ferri
817 2691 871 2732 ad
920 2691 1213 2748 exprimendas
1257 2692 1475 2749 imagines,
1521 2710 1633 2748 aves,

315 2758 485 2810 bestias,
512 2759 599 2801 sive
627 2760 765 2812 flores,
787 2758 961 2801 ductiles
985 2759 1028 2800 in
1049 2774 1151 2801 auro
1172 2767 1213 2801 et
1233 2768 1407 2817 argento
1428 2769 1470 2804 et
1489 2778 1631 2820 cupro,

184 2826 443 2882 longitudine
464 2826 585 2868 unius
607 2828 746 2882 palmi,
769 2827 957 2883 superius
984 2827 1056 2868 lati
1077 2834 1118 2868 et
1138 2828 1320 2884 capitati,
1343 2829 1512 2872 inferius
1534 2847 1632 2874 vero
