1970 3202
302 276 385 315 :3⁴20
770 287 1016 314 THEOPHILI
1049 286 1189 313 LmEn
1216 287 1283 313 111.

300 388 343 429 in
364 393 436 429 tuo
453 388 506 428 sit
527 387 709 439 arbitrio,
725 392 864 429 utrum
885 402 955 429 eas
976 387 1116 442 nigras
1136 386 1312 428 volueris
1333 399 1424 426 esse
1445 399 1498 426 an
1515 385 1750 427 deauratas.

302 454 411 496 Cum
433 469 531 497 vero
551 455 707 497 lamina
735 455 954 512 diligenter
981 470 1076 497 rasa
1096 454 1232 506 fuerit,
1261 453 1401 495 statim
1429 452 1631 494 invivabis
1658 467 1753 494 eam

300 538 396 564 cum
418 523 679 565 confectione
700 523 851 565 vinicei
872 523 1022 579 lapidis
1043 528 1085 564 et
1104 522 1199 563 vivo
1227 526 1414 577 argento,
1444 526 1485 561 et
1505 535 1605 561 mox
1625 519 1752 560 deau-

302 591 428 642 rabis,
451 591 777 647 deauratamque
791 605 876 632 non
894 590 1133 646 exstingues
1149 591 1192 631 in
1205 604 1328 645 aqua,
1343 589 1417 629 sed
1433 602 1507 644 per
1527 602 1571 629 se
1584 587 1753 643 refrige-

301 659 472 710 rabitur,
513 659 727 714 poliesque
761 658 868 699 sicut
900 672 1025 713 supra
1058 658 1216 699 dictum
1251 662 1328 708 est,
1364 662 1406 697 et
1441 656 1590 698 eodem
1625 655 1753 696 modo

303 726 522 768 colorabis.

682 1089 986 1152 CAPUT
1067 1089 1375 1151 LXXII.

749 1246 809 1272 DE
841 1246 986 1273 OPERE
1017 1247 1031 1273 I
1038 1245 1322 1273 NTERRASILI.

419 1356 662 1398 TTENUA
692 1356 768 1397 tibi
805 1356 980 1397 laminas
1014 1371 1064 1398 ex
1086 1357 1234 1398 eodem
1268 1372 1396 1413 cupro
1433 1356 1541 1398 sicut
1561 1356 1760 1411 superius,

450 1426 523 1467 sed
547 1425 732 1480 spissius,
764 1439 868 1480 quas
891 1430 1116 1479 pertractas
1144 1439 1409 1481 quocumque
1437 1439 1562 1480 opere
1582 1424 1760 1466 volueris

307 1494 453 1545 fodies,
484 1498 530 1533 ut
558 1491 778 1547 suprerius.
846 1492 1012 1533 Deinde
1041 1492 1201 1533 habeas
1231 1493 1361 1534 ferros
1392 1493 1565 1548 graciles
1599 1498 1640 1532 et
1671 1492 1762 1532 lati-

308 1576 414 1611 ores,
444 1560 675 1601 secundum
696 1559 974 1614 quantitatem
996 1574 1253 1614 camporum,
1285 1559 1357 1615 qui
1377 1560 1460 1600 sint
1480 1559 1522 1599 in
1542 1573 1628 1599 una
1650 1574 1761 1599 sum-

308 1627 452 1668 mitate
473 1633 618 1668 tenues
639 1633 681 1668 et
701 1627 826 1678 acuti,
859 1627 902 1667 in
923 1628 1054 1668 altera
1075 1627 1226 1678 obtusi,
1253 1627 1324 1682 qui
1340 1631 1542 1668 vocantur
1562 1629 1708 1668 meizil
1723 1625 1733 1645 ¹
1745 1645 1760 1673 ,-

306 1709 552 1751 ponensque
571 1695 769 1736 laminam
792 1710 916 1751 super
937 1695 1146 1747 incudem,
1164 1709 1335 1750 campos
1352 1708 1498 1736 omnes
1520 1693 1762 1749 perforabis,

308 1778 404 1803 cum
445 1763 693 1818 supradictis
740 1762 857 1804 ferris
907 1763 1140 1818 percutiens
1181 1778 1278 1805 cum
1324 1763 1489 1803 malleo.
1571 1761 1764 1818 Cumque

308 1845 454 1872 omnes
485 1831 621 1887 campi
642 1831 713 1871 tali
743 1831 870 1872 modo
901 1831 1054 1872 fuerint
1083 1830 1294 1887 perforati,
1326 1844 1421 1870 cum
1443 1829 1552 1870 limis
1582 1829 1764 1885 parvulis

307 1899 492 1955 aequabis
523 1914 595 1941 eos
625 1914 698 1954 per
728 1899 870 1941 omnia
892 1914 1024 1956 usque
1047 1899 1101 1940 ad
1131 1904 1300 1940 tractos.
1367 1897 1464 1946 Quo
1493 1897 1605 1938 facto
1635 1897 1763 1938 deau—

310 1966 433 2017 rabis,
455 1972 497 2007 et
517 1967 648 2022 polles
668 1967 883 2018 laminam,
904 1972 950 2007 ut
971 1980 1107 2022 supra.

367 2033 530 2074 Eodem
551 2034 679 2074 modo
701 2034 806 2074 fiunt
826 2033 995 2084 tabulae,
1015 2039 1056 2074 et
1075 2032 1241 2075 laminae
1262 2037 1470 2088 argenteae
1492 2046 1616 2087 super
1636 2032 1764 2073 libros

309 2115 405 2148 cum
426 2101 691 2157 imaginibus,
723 2101 896 2143 floribus
924 2107 1050 2158 atque
1078 2101 1263 2142 bestiolis
1285 2106 1327 2141 et
1346 2100 1507 2152 avibus,
1540 2114 1592 2141 ex
1613 2100 1764 2156 quibus

310 2184 406 2224 pars
442 2170 678 2221 deauratur,
700 2169 893 2210 videlicet
926 2184 1091 2211 coronae
1123 2169 1355 2224 imaginum
1391 2174 1432 2209 et
1466 2168 1604 2224 capilli
1639 2173 1765 2224 atque

308 2237 556 2278 vestimenta
575 2251 648 2292 per
667 2238 772 2289 loca,
803 2242 846 2295 et
865 2252 962 2293 pars
993 2243 1181 2279 remanet
1210 2242 1421 2293 argentea.
1484 2235 1611 2277 Fiunt
1638 2236 1764 2277 etiam

309 2309 350 2344 et
379 2304 545 2344 laminae
575 2319 737 2360 cupreae
767 2309 809 2344 et
839 2304 1066 2358 fodiuntur,
1088 2310 1129 2347 et
1159 2305 1430 2360 denigrantur
1456 2318 1506 2345 ac
1537 2303 1763 2353 raduntur3

309 2372 460 2413 deinde
480 2372 523 2412 in
544 2373 697 2428 patella
724 2371 948 2428 liquefacto
970 2378 1121 2429 stagno
1150 2373 1384 2424 mittuntur,
1414 2378 1461 2413 ut
1487 2386 1641 2412 rasurae
1661 2370 1767 2411 albae

309 2439 426 2491 fiant,
449 2439 569 2496 quasi
589 2440 870 2495 deargentatae
892 2440 987 2481 sint.
1025 2440 1094 2481 Ex
1114 2441 1180 2481 his
1200 2440 1381 2496 ligantur
1402 2439 1609 2481 cathedrae
1629 2438 1765 2494 pictae,

309 2513 350 2547 et
370 2508 529 2560 sedilia,
550 2513 675 2564 atque
695 2507 791 2548 lecti
803 2523 815 2559 ;
848 2513 1048 2549 ornantur
1068 2508 1194 2549 etiam
1214 2508 1308 2549 libri
1328 2521 1570 2563 pauperum.

721 2607 728 2625 ¹
757 2608 857 2639 Codex
874 2608 1054 2649 G‘uelpkerb.
1080 2608 1244 2639 “meizel”
1267 2610 1363 2640 habet.
