1970 3202
260 251 347 293 414
867 265 1106 294 ADDENDA.

257 365 368 406 cidet
398 370 441 406 et
475 365 564 406 sola
599 366 710 407 clara
744 366 990 408 remanebit.
1053 365 1189 422 Igitur
1223 364 1417 421 quotiens
1454 364 1555 406 bris.
1592 369 1713 406 tuum

256 432 435 474 volueris
456 432 592 474 facere
608 433 797 485 rubeum,
818 433 932 490 quod
951 434 1062 486 solet
1081 433 1202 474 facile
1218 432 1462 474 discolorari
1479 438 1521 473 et
1536 431 1713 488 spisses-

256 514 362 551 cere,
383 499 552 555 impone
572 501 740 542 alumen
770 506 813 542 et
841 501 899 542 sic
925 501 1221 552 meliorabitur,
1243 505 1285 541 et
1313 499 1581 541 renovabitur
1601 512 1711 554 saepe

256 567 393 608 clarea
423 581 518 607 cum
550 568 733 623 spissum
764 568 900 609 fuerit.
963 568 1014 609 In
1045 569 1144 609 bris.
1177 568 1211 610 si
1244 568 1420 609 misceas
1450 567 1608 618 album,
1638 566 1714 607 fiet

255 648 399 675 roseus
419 635 546 676 color.
607 635 651 677 Si
673 636 850 677 misceas
870 651 1058 688 azurum,
1079 637 1152 676 fiet
1173 649 1419 691 purpureus.

832 977 893 1005 DE
924 978 1129 1006 SINOPLO.

338 1082 627 1125 INOPLUM
650 1083 799 1126 eodem
820 1085 948 1127 modo
978 1086 1111 1127 moles
1132 1100 1217 1143 quo
1238 1085 1525 1126 vermiculum.
1589 1082 1641 1125 In
1663 1097 1714 1125 eo

393 1151 567 1193 miscere
597 1153 753 1208 poteris
783 1167 932 1208 parum
963 1154 1045 1195 albi
1076 1159 1118 1195 et
1148 1154 1225 1195 erit
1248 1167 1393 1195 roseus
1415 1153 1542 1194 color.
1604 1151 1714 1194 Item
1770 1203 1774 1208 ,

255 1219 290 1260 si
310 1218 487 1260 misceas
508 1234 604 1260 cum
635 1220 732 1261 albo
763 1235 911 1275 parum
942 1221 1092 1277 sinopli
1113 1221 1191 1263 erit
1211 1221 1446 1262 carmineus
1468 1220 1608 1261 color:
1641 1226 1715 1261 aut

253 1287 405 1328 iterum
426 1288 461 1329 si
481 1287 658 1329 misceas
690 1303 787 1329 cum
819 1288 980 1344 sinoplo
1002 1290 1370 1346 auripigmentum,
1391 1288 1585 1330 vincente
1605 1287 1715 1329 auri-

258 1355 489 1411 pigmento,
511 1356 588 1396 erit
609 1356 724 1398 rufus
745 1358 874 1398 color.

833 1668 894 1696 DE
924 1668 1150 1697 BRISILLO.

362 1767 764 1810 RAGMENTUM
786 1768 931 1809 brisilli
952 1783 1083 1824 pones
1104 1768 1147 1809 in
1167 1769 1337 1810 vasculo
1358 1767 1490 1810 ferreo
1510 1769 1576 1810 vel
1596 1783 1715 1822 eneo,

390 1842 432 1877 et
452 1836 578 1877 etiam
593 1836 747 1877 cortice
768 1837 850 1888 ovi,
873 1852 969 1887 cum
991 1851 1115 1893 aqua,
1137 1842 1180 1878 et
1195 1836 1262 1877 fac
1282 1836 1428 1878 bullire
1448 1836 1561 1879 lente
1581 1837 1716 1879 donec

259 1904 566 1961 aliquantulum
602 1905 656 1945 sit
689 1905 908 1957 decorata3
946 1910 987 1945 et
1025 1904 1268 1959 refrigerata
1302 1903 1530 1955 modicum,
1565 1904 1716 1947 deinde

260 1987 370 2027 pone
406 1972 572 2012 alumen
608 1972 779 2023 bonum,
815 1978 1046 2027 temperate
1081 1973 1179 2028 quia
1213 1972 1320 2013 bene
1352 1971 1558 2012 salsasum
1588 1973 1716 2014 velles

259 2040 374 2091 illud,
394 2045 540 2095 postea
562 2039 720 2080 calefac
746 2040 961 2080 modicum
989 2039 1199 2080 movendo
1221 2039 1375 2080 omnia.
1435 2038 1714 2094 Refrigerato‚

260 2123 310 2150 eo
331 2122 451 2164 ‚pone
482 2108 640 2148 clarum
672 2106 741 2148 ovi
761 2112 804 2148 et
832 2107 995 2148 dimitte
1025 2107 1161 2148 donec
1192 2112 1402 2147 maturum
1431 2106 1486 2147 sit
1505 2111 1603 2161 post
1621 2106 1715 2148 duae

260 2176 326 2216 vel
359 2181 442 2216 tres
483 2174 587 2216 dies.
664 2174 792 2223 Quod
830 2174 865 2216 si
898 2175 1021 2216 nimis
1054 2174 1212 2216 clarum
1249 2178 1314 2215 est
1344 2188 1453 2229 pone
1482 2173 1553 2214 ubi
1582 2174 1716 2228 possit

259 2242 443 2299 spissari,
474 2257 560 2283 non
589 2248 732 2284 tamen
763 2243 817 2293 ad
848 2243 993 2294 solem,
1025 2247 1068 2283 et
1094 2242 1153 2283 sic
1173 2234 1470 2283 meliorabitur.
1532 2240 1654 2283 Pone
1673 2248 1716 2284 et

260 2311 542 2367 fragmentum
578 2310 723 2351 brisilli
757 2309 865 2352 bene
899 2310 1107 2351 minutum
1142 2309 1187 2351 in
1221 2310 1359 2351 clarea
1394 2309 1506 2361 forti,
1541 2314 1586 2350 et
1617 2315 1716 2365 post

260 2378 355 2419 duae
393 2378 460 2418 vel
503 2382 588 2419 tres
637 2378 773 2419 donec
822 2377 876 2419 sit
924 2383 1192 2418 maturatum.
1263 2376 1496 2418 Pastellum
1544 2391 1713 2433 quoque

260 2445 415 2502 poteris
450 2445 749 2501 distemperare
789 2445 975 2486 secunda
1008 2445 1075 2486 vel
1113 2444 1236 2485 tertia
1267 2444 1370 2496 vice,
1411 2444 1484 2486 sed
1524 2458 1626 2485 cave
1660 2459 1714 2486 ne

259 2518 395 2554 totum
426 2513 631 2554 siccatum
661 2513 726 2554 sit.
786 2513 899 2554 Azur
928 2517 1121 2554 terrestre
1148 2511 1260 2553 mole
1287 2525 1411 2566 super
1435 2516 1596 2566 petram
1617 2525 1713 2552 cum

260 2594 384 2636 aqua,
404 2580 614 2622 movendo
645 2580 776 2636 digito
807 2586 848 2622 et
878 2580 1129 2636 apponendo
1155 2594 1281 2636 aqua,
1300 2584 1348 2620 ut
1367 2578 1499 2634 possit
1518 2590 1591 2634 per
1609 2593 1714 2634 pan-

259 2662 363 2689 num
387 2648 564 2690 transire
590 2654 740 2704 postea
767 2649 861 2690 cola
887 2662 962 2704 per
992 2661 1177 2704 pannum
1207 2646 1434 2688 delicatum
1453 2651 1501 2687 ut
1521 2646 1715 2688 mundior

259 2714 324 2756 sit.
387 2714 484 2763 Quo
506 2715 724 2771 purificato
751 2721 793 2757 et
820 2715 1046 2766 exsiccato,
1073 2728 1184 2770 pone
1204 2714 1385 2755 claream
1405 2712 1584 2765 fortem3
1616 2726 1714 2768 pos-

258 2787 328 2823 tea
359 2782 502 2838 accipe
534 2783 588 2824 de
617 2783 757 2824 vitello
794 2783 863 2824 ovi
895 2782 1012 2824 crudi
1046 2787 1089 2824 et
1124 2781 1252 2823 misce
1281 2795 1376 2822 cum
1407 2795 1518 2837 aqua
1547 2786 1590 2822 et
1614 2781 1712 2823 vino

260 2850 487 2906 aequaliter,
509 2856 551 2892 et
569 2851 691 2893 valde
721 2865 831 2906 pone
860 2864 1008 2906 parum
1034 2848 1078 2890 in
1105 2849 1260 2901 colore,
1281 2854 1324 2890 et
1343 2848 1469 2890 faciat
1490 2848 1638 2890 melius
1657 2849 1711 2890 de
