1970 3202
242 277 327 318 350
700 290 954 318 THEOPHILI
989 290 1124 317 LIBER
1156 290 1225 318 111.

244 397 374 448 caput
395 391 622 432 rotundum
651 390 694 431 in
715 391 886 432 modum
908 391 987 442 ovi,
1019 397 1061 432 et
1080 391 1258 432 caudam
1288 390 1458 446 longam
1480 388 1690 445 gracilem,

243 475 338 517 quae
363 460 600 515 imponatur
621 459 853 511 manubrio,
874 459 1009 516 sitque
1033 460 1156 516 juxta
1176 464 1301 515 caput
1320 457 1483 500 modice
1504 471 1690 507 curvum,

245 543 342 570 cum
362 543 445 585 quo
467 528 682 579 calefacto,
708 528 928 569 combures
957 527 1162 569 foramina
1189 527 1359 568 interius
1385 527 1428 567 in
1456 531 1691 575 curvatura,

246 597 380 638 donec
411 596 488 638 sibi
524 595 735 651 aequaliter
767 595 1031 636 conveniant.
1092 595 1190 644 Quo
1226 596 1352 647 facto,
1387 595 1523 636 incide
1554 594 1690 650 ipsum

246 666 402 722 lignum
421 665 432 684 ¹
467 664 667 721 quadrico
700 670 868 715 statum,
908 663 966 704 ita
997 670 1044 704 ut
1075 664 1118 704 in
1154 679 1406 720 unoquoque
1441 664 1570 704 latere
1606 676 1691 703 uno

247 735 387 790 palmo
419 734 549 774 latum
583 732 648 783 sit,
682 733 735 773 ad
768 746 1003 772 mensuram
1040 731 1273 773 conflatorii
1305 732 1349 772 in
1381 731 1531 773 obtusa
1562 737 1692 787 parte.

249 801 355 842 Post
378 801 467 841 haec
498 801 706 856 conjunge
734 799 869 855 ipsum
898 800 1056 855 lignum
1078 799 1119 839 in
1150 799 1327 855 longiori
1354 806 1486 855 parte,
1517 800 1569 840 ad
1589 799 1694 840 infe-

246 870 329 910 rius
350 870 536 910 foramen
559 869 708 909 domus
729 868 972 923 organariae,
1003 868 1061 909 ita
1081 874 1127 908 ut
1146 868 1279 909 eidem
1305 868 1419 923 ligno
1441 868 1575 909 cauda
1593 867 1695 909 inci-

246 939 380 988 datur,
414 937 535 978 unius
565 936 725 992 pollicis
754 937 893 992 longa,
926 951 1018 992 quae
1041 936 1117 992 ipsi
1149 936 1341 977 foramini
1371 936 1608 992 inponatur,
1630 937 1692 976 vel

247 1006 458 1056 inferatur,
489 1011 531 1046 et
554 1005 751 1060 junctura
781 1011 868 1045 tam
899 1004 1069 1046 subtiles
1101 1004 1166 1055 sit,
1207 1011 1254 1045 ut
1283 1004 1409 1045 nichil
1438 1004 1562 1045 flatus
1591 1003 1697 1044 inter

249 1089 342 1115 eam
374 1074 485 1114 exire
515 1078 664 1129 quaeat.
732 1073 917 1114 Alteram
949 1087 1048 1114 vero
1078 1072 1258 1114 frontem
1289 1073 1518 1128 conjunges
1548 1071 1696 1113 eodem

249 1143 375 1184 modo
393 1142 446 1183 ad
467 1141 771 1192 conflatorium,
788 1146 830 1181 et
850 1140 986 1196 ipsum
1008 1141 1167 1197 lignum
1189 1140 1346 1196 glutine
1367 1141 1478 1182 casei
1498 1140 1696 1187 firmabis,

250 1218 376 1268 atque
406 1210 704 1251 circumvolves
735 1224 876 1264 panno
908 1215 1044 1250 totum
1075 1209 1235 1264 lignum
1267 1224 1361 1250 cum
1387 1209 1597 1264 junctura,
1632 1208 1697 1249 eui

249 1280 375 1321 etiam
408 1279 670 1334 circumfiges
701 1293 875 1334 cuprum
905 1278 1035 1318 latum
1066 1278 1179 1334 quod
1211 1278 1422 1333 utriusque
1451 1278 1553 1333 ligni
1582 1292 1697 1318 oram

251 1348 401 1404 capiat.
462 1347 541 1387 His
562 1347 618 1387 ita
639 1346 870 1402 completis,
901 1346 935 1387 si
957 1346 1135 1387 volueris
1157 1361 1314 1402 organa
1345 1346 1452 1387 ultra
1478 1345 1698 1387 maceriam

252 1417 358 1458 muri
372 1416 568 1466 stabilire,
583 1415 641 1455 ita
656 1420 703 1455 ut
715 1414 821 1455 infra
835 1415 1131 1455 monasterium
1150 1414 1278 1455 nichil
1294 1420 1507 1470 appareat,
1520 1414 1598 1455 nisi
1611 1414 1700 1455 sola

253 1486 405 1527 domus
426 1499 522 1525 cum
543 1483 705 1535 fistulis,
734 1489 775 1523 et
802 1498 852 1524 ex
875 1483 1003 1524 altera
1025 1489 1140 1538 parte
1170 1483 1274 1523 muri
1299 1482 1414 1524 folles
1438 1483 1621 1538 jaceant,
1641 1482 1700 1523 ita

253 1553 462 1610 oportebit
480 1558 522 1594 te
543 1552 678 1607 ipsam
707 1552 879 1592 domum
910 1557 1152 1592 convertere
1172 1557 1219 1592 ut
1239 1551 1389 1606 linguae
1419 1566 1561 1592 versus
1583 1551 1700 1592 folles

252 1621 536 1672 extrahantur,
567 1626 609 1661 et
628 1621 670 1661 in
698 1620 790 1675 ipso
811 1634 929 1661 muro
960 1634 1079 1661 arcus
1101 1620 1174 1660 fiat
1194 1620 1235 1660 in
1257 1635 1340 1676 quo
1370 1626 1516 1661 cautor
1545 1620 1701 1670 sedeat,

253 1691 371 1747 cujus
403 1690 523 1731 sedes
552 1689 611 1730 ita
641 1694 817 1744 aptetur,
850 1694 897 1729 ut
917 1688 1043 1743 pedes
1073 1702 1198 1743 supra
1228 1688 1518 1729 conflatorium
1548 1694 1700 1730 teneat.

195 1804 198 1810 ,
256 1759 335 1800 Est
355 1765 492 1800 autem
515 1758 704 1798 foramen
725 1757 932 1813 quadrum
952 1755 994 1796 iu
1017 1756 1154 1797 medio
1188 1770 1308 1797 arcus
1329 1763 1444 1798 trans
1465 1758 1701 1808 maceriam,

254 1842 328 1882 per
347 1827 460 1883 quod
483 1827 634 1867 domus
656 1840 752 1866 cum
773 1824 921 1866 fistulis
943 1824 1188 1880 exponitur;
1222 1830 1265 1865 et
1285 1839 1407 1880 super
1428 1826 1580 1866 collum
1601 1840 1701 1867 con-

255 1896 418 1946 flatorii,
453 1895 564 1952 quod
599 1895 642 1935 in
678 1909 797 1935 muro
831 1886 946 1934 infra
974 1893 1160 1934 foramen
1195 1893 1401 1949 lapidibus
1436 1894 1703 1935 obfirmatum

255 1969 332 2016 est,
364 1964 404 2004 in
426 1978 501 2004 sua
525 1964 724 2019 junctura
755 1962 924 2012 sistitur,
955 1968 1080 2018 atque
1110 1977 1234 2017 super
1254 1962 1359 2003 duos
1390 1963 1530 2003 clavos
1551 1963 1705 2004 ferreos

255 2033 468 2089 aequaliter
488 2032 529 2071 in
547 2046 665 2072 muro
686 2031 875 2072 confixos
896 2029 1051 2081 nititur,
1072 2029 1138 2071 cui
1160 2030 1351 2071 foramini
1369 2031 1548 2072 fenestra
1567 2031 1705 2087 lignea

257 2101 479 2156 appendet,
521 2116 613 2156 quae
653 2100 753 2140 dum
793 2100 948 2149 clausa,
986 2114 1076 2140 sera
1117 2105 1158 2140 et
1196 2100 1313 2141 clave
1352 2100 1547 2151 munitur,
1581 2115 1705 2142 nemo

256 2170 424 2225 ignotus
440 2168 734 2224 superveniens
750 2182 1031 2222 congnoscere
1052 2168 1163 2208 valet
1180 2167 1279 2223 quid
1300 2167 1342 2208 in
1363 2183 1413 2209 ea
1432 2168 1704 2210 contineatur.

262 2237 458 2279 Exterius
480 2251 660 2293 quoque,
694 2250 816 2294 super
835 2250 1007 2294 organa,
1034 2250 1197 2291 pannus
1218 2236 1374 2292 spissus
1395 2237 1517 2292 lignis
1537 2237 1705 2278 interius

259 2312 469 2356 extensus,
511 2304 553 2344 in
586 2304 756 2345 modum
787 2303 1062 2355 domunculae,
1101 2319 1126 2344 a
1155 2305 1338 2361 laqueari
1367 2305 1409 2345 in
1440 2305 1621 2346 funiculo
1651 2306 1705 2347 ad

261 2374 484 2415 arcendum
520 2373 730 2428 pulverem
772 2372 1018 2427 dependeat,
1054 2373 1125 2429 qui
1167 2373 1372 2414 funiculus
1412 2388 1535 2428 super
1568 2373 1704 2429 ipsum

259 2444 428 2499 laquear
461 2442 569 2483 circa
601 2441 778 2481 rotulam
811 2446 898 2481 arte
932 2441 1199 2496 compositus,
1237 2441 1336 2482 dum
1364 2442 1617 2482 cantandum
1643 2449 1707 2483 est

263 2512 429 2567 organis
445 2510 631 2561 trahitur,
649 2515 690 2550 et
710 2508 1007 2550 domunculam
1029 2509 1175 2560 elevat,
1192 2509 1393 2566 finitoque
1414 2516 1552 2563 cantu,
1569 2510 1706 2552 denuo

878 2621 885 2638 ¹
912 2620 1078 2661 quadrato?
