1970 3202
302 285 385 326 266
775 301 1028 329 THEOPHILI
1061 303 1199 330 LIBER
1230 303 1299 330 111.

650 488 954 552 CAPUT
1033 488 1380 552 XLVIII.

771 636 831 662 DE
864 635 984 663 AURO
1017 635 1291 665 HYSPANICO.

409 733 473 775 ST
494 743 620 776 etiam
646 749 806 786 aurum,
828 736 942 791 quod
964 735 1114 776 dicitur
1150 736 1457 792 Hyspanicum,
1479 738 1594 794 quod
1625 738 1757 779 confi-

436 803 540 843 citur
580 817 634 843 ex
673 802 801 844 rubeo
838 817 967 858 cupro
989 808 1031 843 et
1066 804 1235 858 pulvere
1265 804 1448 845 basilisci
1478 810 1520 845 et
1552 804 1757 859 sanguine

303 872 491 912 humano
522 877 648 928 atque
670 877 803 912 aceto.
864 870 1058 912 Gentiles
1088 871 1213 923 enim,
1235 887 1414 928 quorum
1435 872 1583 927 peritia
1613 873 1656 912 in
1675 873 1757 914 hac

301 945 390 979 arte
412 938 640 994 probabilis
662 945 738 990 est,
761 944 906 980 creant
927 938 1006 979 sibi
1035 938 1255 980 basiliscos
1276 939 1358 981 hoc
1379 940 1521 981 modo.
1582 940 1758 982 Habent

303 1006 381 1046 sub
403 1013 513 1047 terra
533 1007 707 1047 domum
729 1006 918 1062 superius
940 1011 982 1048 et
1000 1005 1173 1046 inferius
1195 1020 1248 1047 ex
1269 1007 1385 1047 omni
1406 1013 1524 1062 parte
1545 1008 1755 1063 lapideam

301 1088 396 1114 cum
417 1074 581 1115 duabus
604 1074 886 1125 fenestellulis,
908 1080 994 1114 tam
1015 1073 1226 1125 brevibus,
1248 1080 1295 1115 ut
1321 1075 1388 1115 vix
1411 1075 1566 1131 aliquid
1588 1075 1757 1116 luminis

304 1156 377 1197 per
392 1156 463 1183 eas
485 1148 708 1198 appareat;
739 1143 782 1183 in
802 1157 929 1199 quam
950 1146 1114 1198 ponunt
1128 1141 1234 1182 duos
1256 1142 1390 1197 gallos
1411 1148 1572 1183 veteres
1593 1143 1755 1184 duode-

300 1209 384 1250 cim
405 1216 477 1250 aut
508 1211 750 1266 quindecim
771 1225 989 1260 annorum,
1011 1215 1053 1250 et
1084 1209 1187 1250 dant
1208 1208 1267 1250 eis
1300 1209 1442 1250 cibum
1464 1210 1754 1252 sufficientem.

300 1277 386 1326 Qui
408 1293 505 1319 cum
525 1279 745 1320 incrassati
778 1279 944 1329 suerint,
966 1293 1019 1319 ex
1040 1278 1177 1318 calore
1199 1267 1469 1332 pinguedinis
1500 1278 1756 1319 conveniunt

298 1346 406 1387 inter
427 1361 470 1387 se
501 1352 542 1387 et
562 1353 727 1402 ponunt
747 1361 839 1387 ova.
901 1345 1066 1395 Quibus
1087 1344 1234 1400 positis
1256 1344 1463 1385 eiciuntur
1483 1346 1594 1400 galli,
1616 1351 1658 1386 et
1676 1345 1754 1386 im-

303 1415 522 1455 mittuntur
535 1415 712 1456 bufones
728 1415 801 1472 qui
817 1428 896 1455 ova
909 1414 1092 1463 foveant,
1102 1412 1253 1468 quibus
1270 1413 1394 1453 datur
1406 1413 1525 1467 panis
1539 1413 1582 1454 in
1597 1414 1751 1455 cibum.

301 1480 418 1523 Fotis
453 1489 594 1523 autem
631 1483 721 1524 ovis
754 1482 1023 1538 egrediuntur
1058 1479 1181 1535 pulli¹
1221 1480 1329 1520 sicut
1358 1480 1461 1535 pulli
1488 1481 1753 1537 gallinarum,

297 1550 452 1605 quibus
486 1557 582 1606 post
603 1552 692 1592 dies
725 1556 885 1606 septem
907 1554 1098 1591 crescunt
1132 1547 1276 1588 eaudae
1299 1548 1568 1603 serpentium,
1591 1549 1752 1590 statim-

299 1633 394 1674 que,
431 1619 465 1659 si
499 1634 584 1660 non
623 1625 734 1660 esset
773 1618 1060 1674 pavimentum
1093 1616 1245 1656 domus
1285 1616 1510 1671 lapideum,
1551 1618 1755 1658 intrarent

296 1692 462 1728 terram.
525 1687 654 1736 Quod
690 1693 885 1728 caventes
922 1699 1064 1726 eorum
1098 1684 1285 1740 magistri
1318 1684 1476 1725 habent
1503 1700 1604 1727 vasa
1634 1700 1755 1727 aenea

298 1754 495 1806 rotunda,
509 1770 676 1811 magnae
693 1753 992 1810 amplitudinis,
1006 1767 1058 1794 ex
1074 1751 1188 1792 omni
1201 1757 1318 1807 parte
1334 1751 1557 1807 perforata,
1575 1767 1752 1809 quorum

297 1837 371 1863 ora
392 1829 490 1863 sunt
511 1823 666 1873 stricta,
684 1822 837 1878 quibus
858 1822 1080 1876 imponunt
1094 1820 1207 1874 ipsos
1225 1819 1359 1875 pullos
1379 1825 1421 1860 et
1442 1820 1664 1861 obstruunt
1679 1836 1754 1862 ora

297 1890 461 1944 cupreis
498 1890 703 1946 operculis
725 1896 851 1946 atque
872 1889 950 1930 sub
972 1895 1081 1929 terra
1102 1888 1279 1938 fodiunt,
1302 1893 1344 1928 et
1370 1887 1631 1943 ingrediente
1653 1889 1751 1930 sub-

295 1956 355 1996 tili
369 1963 479 1998 terra
494 1972 567 2012 per
583 1957 791 1998 foramina
804 1957 1044 1997 nutriuntur
1059 1971 1133 1997 sex
1148 1955 1375 1996 mensibus.
1438 1955 1544 1997 Post
1559 1957 1650 1998 haec
1666 1958 1750 1999 dis-

295 2025 543 2079 cooperiunt
563 2031 605 2067 et
637 2026 859 2081 adponunt
879 2024 1098 2079 copiosum
1132 2023 1291 2079 ignem,
1313 2022 1449 2064 donec
1470 2023 1614 2065 bestiae
1645 2025 1750 2067 inte-

296 2090 380 2145 rius
397 2093 572 2134 omnino
586 2093 899 2134 comburantur.
943 2091 1042 2140 Quo
1059 2091 1170 2132 facto
1192 2105 1287 2131 cum
1305 2091 1591 2146 refrigeratum
1613 2093 1748 2146 fuerit,

294 2158 448 2200 eiciunt
475 2165 517 2201 et
537 2161 761 2216 diligenter
792 2166 945 2210 terunt,
967 2159 1172 2200 addentes
1203 2158 1241 2199 ei
1261 2159 1426 2200 tertiam
1458 2165 1622 2215 partem
1652 2176 1750 2203 san-

293 2227 432 2281 guinis
448 2228 630 2269 hominis
645 2230 736 2279 rufi,
759 2228 830 2284 qui
844 2227 1017 2283 sanguis
1037 2227 1273 2267 exsiccatus
1289 2232 1332 2267 et
1347 2226 1469 2268 tritus
1490 2228 1579 2269 erit.
1641 2228 1747 2271 Haec

292 2293 378 2335 duo
426 2296 660 2351 composita
703 2293 989 2350 temperantur
1029 2300 1151 2335 aceto
1191 2308 1288 2334 acro
1327 2293 1370 2334 in
1411 2309 1511 2336 vase
1558 2297 1717 2338 mundo
1733 2313 1745 2348 ;

292 2362 445 2403 deinde
466 2363 678 2419 accipiunt
707 2363 973 2404 tenuissimas
994 2362 1160 2403 tabulas
1185 2361 1302 2402 rubei
1323 2362 1440 2417 cupri
1460 2363 1683 2418 purissimi,
1705 2371 1747 2405 et

292 2443 416 2483 super
437 2429 513 2470 has
543 2430 694 2470 liniunt
714 2430 823 2470 hanc
855 2428 1161 2470 confectionem
1182 2444 1234 2470 ex
1267 2435 1443 2486 utraque
1470 2438 1588 2486 parte
1618 2438 1746 2488 atque

293 2497 465 2537 mittunt
479 2497 522 2536 in
537 2497 693 2553 ignem.
755 2497 948 2552 Cumque
964 2496 1222 2548 canduerint,
1239 2496 1466 2538 extrahunt
1481 2505 1522 2538 et
1537 2498 1580 2538 in
1596 2499 1745 2541 eadem

293 2565 554 2606 confectione
576 2565 799 2621 extingunt
829 2570 871 2605 et
891 2565 1047 2615 lavant,
1069 2563 1211 2619 sicque
1242 2562 1403 2603 tamdiu
1432 2563 1590 2604 faciunt
1609 2565 1745 2608 donec

289 2632 381 2687 ipsa
401 2633 610 2674 confectio
638 2647 813 2688 cuprum
836 2631 1156 2682 transmordeat,
1178 2635 1219 2671 et
1248 2629 1368 2671 inde²
1388 2640 1425 2671 et
1450 2632 1633 2673 colorem
1655 2634 1743 2674 auri

289 2700 504 2755 suscipiat.
566 2700 662 2742 Hoc
683 2715 831 2742 aurum
852 2699 1047 2741 omnibus
1068 2698 1264 2754 operibus
1285 2705 1429 2753 aptum
1451 2705 1527 2740 est.

765 2790 774 2808 ¹
799 2793 818 2806 ‘¹
837 2788 996 2827 Masculi‚”
1011 2789 1048 2819 in
1066 2790 1139 2820 Cod.
1152 2790 1282 2830 Guelpk.

760 2843 772 2861 ²
797 2847 817 2860 “
833 2843 982 2883 pondus,”
1005 2844 1051 2874 id.
